% A

@ARTICLE{abbott2019,
       author = {{Abbott}, T.~M.~C. and {Allam}, S. and {Andersen}, P. and
                 {Angus}, C. and {Asorey}, J. and {Avelino}, A. and {Avila}, S.
                 and {Bassett}, B.~A. and {Bechtol}, K. and {Bernstein}, G.~M.
                 and {Bertin}, E. and {Brooks}, D. and {Brout}, D. and {Brown},
                 P. and {Burke}, D.~L. and {Calcino}, J. and {Carnero Rosell},
                 A. and {Carollo}, D. and {Carrasco Kind}, M. and {Carretero},
                 J. and {Casas}, R. and {Castander}, F.~J. and {Cawthon}, R. and
                 {Challis}, P. and {Childress}, M. and {Clocchiatti}, A. and
                 {Cunha}, C.~E. and {D'Andrea}, C.~B. and {da Costa}, L.~N. and
                 {Davis}, C. and {Davis}, T.~M. and {De Vicente}, J. and
                 {DePoy}, D.~L. and {Desai}, S. and {Diehl}, H.~T. and {Doel},
                 P. and {Drlica-Wagner}, A. and {Eifler}, T.~F. and {Evrard},
                 A.~E. and {Fernandez}, E. and {Filippenko}, A.~V. and {Finley},
                 D.~A. and {Flaugher}, B. and {Foley}, R.~J. and {Fosalba}, P.
                 and {Frieman}, J. and {Galbany}, L. and {Garc{\'\i}a-Bellido},
                 J. and {Gaztanaga}, E. and {Giannantonio}, T. and {Glazebrook},
                 K. and {Goldstein}, D.~A. and {Gonz{\'a}lez-Gait{\'a}n}, S. and
                 {Gruen}, D. and {Gruendl}, R.~A. and {Gschwend}, J. and
                 {Gupta}, R.~R. and {Gutierrez}, G. and {Hartley}, W.~G. and
                 {Hinton}, S.~R. and {Hollowood}, D.~L. and {Honscheid}, K. and
                 {Hoormann}, J.~K. and {Hoyle}, B. and {James}, D.~J. and
                 {Jeltema}, T. and {Johnson}, M.~W.~G. and {Johnson}, M.~D. and
                 {Kasai}, E. and {Kent}, S. and {Kessler}, R. and {Kim}, A.~G.
                 and {Kirshner}, R.~P. and {Kovacs}, E. and {Krause}, E. and
                 {Kron}, R. and {Kuehn}, K. and {Kuhlmann}, S. and {Kuropatkin},
                 N. and {Lahav}, O. and {Lasker}, J. and {Lewis}, G.~F. and
                 {Li}, T.~S. and {Lidman}, C. and {Lima}, M. and {Lin}, H. and
                 {Macaulay}, E. and {Maia}, M.~A.~G. and {Mandel}, K.~S. and
                 {March}, M. and {Marriner}, J. and {Marshall}, J.~L. and
                 {Martini}, P. and {Menanteau}, F. and {Miller}, C.~J. and
                 {Miquel}, R. and {Miranda}, V. and {Mohr}, J.~J. and
                 {Morganson}, E. and {Muthukrishna}, D. and {M{\"o}ller}, A. and
                 {Neilsen}, E. and {Nichol}, R.~C. and {Nord}, B. and {Nugent},
                 P. and {Ogando}, R.~L.~C. and {Palmese}, A. and {Pan}, Y. -C.
                 and {Plazas}, A.~A. and {Pursiainen}, M. and {Romer}, A.~K. and
                 {Roodman}, A. and {Rozo}, E. and {Rykoff}, E.~S. and {Sako}, M.
                 and {Sanchez}, E. and {Scarpine}, V. and {Schindler}, R. and
                 {Schubnell}, M. and {Scolnic}, D. and {Serrano}, S. and
                 {Sevilla-Noarbe}, I. and {Sharp}, R. and {Smith}, M. and
                 {Soares-Santos}, M. and {Sobreira}, F. and {Sommer}, N.~E. and
                 {Spinka}, H. and {Suchyta}, E. and {Sullivan}, M. and {Swann},
                 E. and {Tarle}, G. and {Thomas}, D. and {Thomas}, R.~C. and
                 {Troxel}, M.~A. and {Tucker}, B.~E. and {Uddin}, S.~A. and
                 {Walker}, A.~R. and {Wester}, W. and {Wiseman}, P. and {Wolf},
                 R.~C. and {Yanny}, B. and {Zhang}, B. and {Zhang}, Y. and {DES
                 Collaboration}},
        title = "{First Cosmology Results using Type Ia Supernovae from the Dark
                 Energy Survey: Constraints on Cosmological Parameters}",
      journal = {\apjl},
     keywords = {dark energy, dark matter, Astrophysics - Cosmology and
                 Nongalactic Astrophysics},
         year = 2019,
        month = feb,
       volume = {872},
       number = {2},
          eid = {L30},
        pages = {L30},
          doi = {10.3847/2041-8213/ab04fa},
archivePrefix = {arXiv},
       eprint = {1811.02374},
 primaryClass = {astro-ph.CO},
       adsurl = {https://ui.adsabs.harvard.edu/abs/2019ApJ...872L..30A},
      adsnote = {Provided by the SAO/NASA Astrophysics Data System}
}

@INPROCEEDINGS{aldering2002,
       author = {{Aldering}, Greg and {Adam}, G. and {Antilogus}, P. and
                 {Astier}, Pierre and {Bacon}, R. and {Bongard}, S. and
                 {Bonnaud}, C. and {Copin}, Y. and {Hardin}, Delphine and
                 {Henault}, Francois and {Howell}, Dale A. and {Lemonnier},
                 Jean-Pierre and {Levy}, Jean-Michel and {Loken}, Stewart C. and
                 {Nugent}, Peter E. and {Pain}, Reynald and {Pecontal}, A. and
                 {Pecontal}, E. and {Perlmutter}, Saul and {Quimby}, Robert M.
                 and {Schahmaneche}, K. and {Smadja}, G. and {Wood-Vasey}, W.
                 Michael},
        title = "{Overview of the Nearby Supernova Factory}",
    booktitle = {Survey and Other Telescope Technologies and Discoveries},
         year = 2002,
       editor = {{Tyson}, J. Anthony and {Wolff}, Sidney},
       series = {Society of Photo-Optical Instrumentation Engineers (SPIE)
                 Conference Series},
       volume = {4836},
        month = dec,
        pages = {61-72},
          doi = {10.1117/12.458107},
       adsurl = {https://ui.adsabs.harvard.edu/abs/2002SPIE.4836...61A},
      adsnote = {Provided by the SAO/NASA Astrophysics Data System}
}

@ARTICLE{aldering2020,
       author = {{Aldering}, G. and {Antilogus}, P. and {Aragon}, C. and
                 {Bailey}, S. and {Baltay}, C. and {Bongard}, S. and {Boone}, K.
                 and {Buton}, C. and {Chotard}, N. and {Copin}, Y. and {Dixon},
                 S. and {Fakhouri}, H.~K. and {Feindt}, U. and {Fouchez}, D. and
                 {Gangler}, E. and {Hayden}, B. and {Hillebrandt}, W. and {Kim},
                 A.~G. and {Kowalski}, M. and {K{\"u}sters}, D. and {L{\'e}get},
                 P. -F. and {Lin}, Q. and {Lombardo}, S. and {Mondon}, F. and
                 {Nordin}, J. and {Pain}, R. and {Pecontal}, E. and {Pereira},
                 R. and {Perlmutter}, S. and {Ponder}, K. and {Pruzhinskaya}, M.
                 and {Rabinowitz}, D. and {Rigault}, M. and {Rubin}, D. and
                 {Runge}, K. and {Saunders}, C. and {Says}, L. -P. and {Smadja},
                 G. and {Suzuki}, N. and {Tao}, C. and {Taubenberger}, S. and
                 {Thomas}, R.~C. and {Vincenzi}, M. and {Weaver}, B. and {Nearby
                 Supernova Factory Collaboration}},
        title = "{The SNEMO and SUGAR Companion Data Sets}",
      journal = {Research Notes of the American Astronomical Society},
     keywords = {Astrophysics - Cosmology and Nongalactic Astrophysics,
                 Astrophysics - Instrumentation and Methods for Astrophysics},
         year = 2020,
        month = may,
       volume = {4},
       number = {5},
          eid = {63},
        pages = {63},
          doi = {10.3847/2515-5172/ab8fa5},
archivePrefix = {arXiv},
       eprint = {2005.03462},
 primaryClass = {astro-ph.CO},
       adsurl = {https://ui.adsabs.harvard.edu/abs/2020RNAAS...4...63A},
      adsnote = {Provided by the SAO/NASA Astrophysics Data System}
}

@ARTICLE{astier2006,
       author = {{Astier}, P. and {Guy}, J. and {Regnault}, N. and {Pain}, R.
                 and {Aubourg}, E. and {Balam}, D. and {Basa}, S. and
                 {Carlberg}, R.~G. and {Fabbro}, S. and {Fouchez}, D. and
                 {Hook}, I.~M. and {Howell}, D.~A. and {Lafoux}, H. and {Neill},
                 J.~D. and {Palanque-Delabrouille}, N. and {Perrett}, K. and
                 {Pritchet}, C.~J. and {Rich}, J. and {Sullivan}, M. and
                 {Taillet}, R. and {Aldering}, G. and {Antilogus}, P. and
                 {Arsenijevic}, V. and {Balland}, C. and {Baumont}, S. and
                 {Bronder}, J. and {Courtois}, H. and {Ellis}, R.~S. and
                 {Filiol}, M. and {Gon{\c{c}}alves}, A.~C. and {Goobar}, A. and
                 {Guide}, D. and {Hardin}, D. and {Lusset}, V. and {Lidman}, C.
                 and {McMahon}, R. and {Mouchet}, M. and {Mourao}, A. and
                 {Perlmutter}, S. and {Ripoche}, P. and {Tao}, C. and {Walton},
                 N.},
        title = "{The Supernova Legacy Survey: measurement of
                 {\ensuremath{\Omega}}$_{M}$,
                 {\ensuremath{\Omega}}$_{{\ensuremath{\Lambda}}}$ and w from the
                 first year data set}",
      journal = {\aap},
     keywords = {supernovae: general, cosmology: observations, cosmological
                 parameters, Astrophysics, Astrophysics - Cosmology and
                 Nongalactic Astrophysics},
         year = 2006,
        month = feb,
       volume = {447},
       number = {1},
        pages = {31-48},
          doi = {10.1051/0004-6361:20054185},
archivePrefix = {arXiv},
       eprint = {astro-ph/0510447},
 primaryClass = {astro-ph},
       adsurl = {https://ui.adsabs.harvard.edu/abs/2006A&A...447...31A},
      adsnote = {Provided by the SAO/NASA Astrophysics Data System}
}

@ARTICLE{aubourg2008,
       author = {{Aubourg}, {\'E}. and {Tojeiro}, R. and {Jimenez}, R. and
                 {Heavens}, A. and {Strauss}, M.~A. and {Spergel}, D.~N.},
        title = "{Evidence of short-lived SN Ia progenitors}",
      journal = {\aap},
     keywords = {stars: supernovae: general, galaxies: stellar content,
                 cosmology: observations, Astrophysics},
         year = 2008,
        month = dec,
       volume = {492},
       number = {3},
        pages = {631-636},
          doi = {10.1051/0004-6361:200809796},
archivePrefix = {arXiv},
       eprint = {0707.1328},
 primaryClass = {astro-ph},
       adsurl = {https://ui.adsabs.harvard.edu/abs/2008A&A...492..631A},
      adsnote = {Provided by the SAO/NASA Astrophysics Data System}
}

% B

@ARTICLE{balland2009,
       author = {{Balland}, C. and {Baumont}, S. and {Basa}, S. and {Mouchet},
                 M. and {Howell}, D.~A. and {Astier}, P. and {Carlberg}, R.~G.
                 and {Conley}, A. and {Fouchez}, D. and {Guy}, J. and {Hardin},
                 D. and {Hook}, I.~M. and {Pain}, R. and {Perrett}, K. and
                 {Pritchet}, C.~J. and {Regnault}, N. and {Rich}, J. and
                 {Sullivan}, M. and {Antilogus}, P. and {Arsenijevic}, V. and
                 {Le Du}, J. and {Fabbro}, S. and {Lidman}, C. and {Mour{\~a}o},
                 A. and {Palanque-Delabrouille}, N. and {P{\'e}contal}, E. and
                 {Ruhlmann-Kleider}, V.},
        title = "{The ESO/VLT 3rd year Type Ia supernova data set from the
                 supernova legacy survey}",
      journal = {\aap},
     keywords = {cosmology: observations, supernovae: general, methods: data
                 analysis, techniques: spectroscopic, Astrophysics - Cosmology
                 and Nongalactic Astrophysics},
         year = 2009,
        month = nov,
       volume = {507},
       number = {1},
        pages = {85-103},
          doi = {10.1051/0004-6361/200912246},
archivePrefix = {arXiv},
       eprint = {0909.3316},
 primaryClass = {astro-ph.CO},
       adsurl = {https://ui.adsabs.harvard.edu/abs/2009A&A...507...85B},
      adsnote = {Provided by the SAO/NASA Astrophysics Data System}
}

@ARTICLE{bazin2011,
       author = {{Bazin}, G. and {Ruhlmann-Kleider}, V. and
                 {Palanque-Delabrouille}, N. and {Rich}, J. and {Aubourg}, E.
                 and {Astier}, P. and {Balland}, C. and {Basa}, S. and
                 {Carlberg}, R.~G. and {Conley}, A. and {Fouchez}, D. and {Guy},
                 J. and {Hardin}, D. and {Hook}, I.~M. and {Howell}, D.~A. and
                 {Pain}, R. and {Perrett}, K. and {Pritchet}, C.~J. and
                 {Regnault}, N. and {Sullivan}, M. and {Fourmanoit}, N. and
                 {Gonz{\'a}lez-Gait{\'a}n}, S. and {Lidman}, C. and
                 {Perlmutter}, S. and {Ripoche}, P. and {Walker}, E.~S.},
        title = "{Photometric selection of Type Ia supernovae in the Supernova
                 Legacy Survey}",
      journal = {\aap},
     keywords = {supernovae: general, cosmology: observations, Astrophysics -
                 Cosmology and Nongalactic Astrophysics},
         year = 2011,
        month = oct,
       volume = {534},
          eid = {A43},
        pages = {A43},
          doi = {10.1051/0004-6361/201116898},
archivePrefix = {arXiv},
       eprint = {1109.0948},
 primaryClass = {astro-ph.CO},
       adsurl = {https://ui.adsabs.harvard.edu/abs/2011A&A...534A..43B},
      adsnote = {Provided by the SAO/NASA Astrophysics Data System}
}

@ARTICLE{bellm2019,
       author = {{Bellm}, Eric C. and {Kulkarni}, Shrinivas R. and {Graham},
                 Matthew J. and {Dekany}, Richard and {Smith}, Roger M. and
                 {Riddle}, Reed and {Masci}, Frank J. and {Helou}, George and
                 {Prince}, Thomas A. and {Adams}, Scott M. and {Barbarino}, C.
                 and {Barlow}, Tom and {Bauer}, James and {Beck}, Ron and
                 {Belicki}, Justin and {Biswas}, Rahul and {Blagorodnova},
                 Nadejda and {Bodewits}, Dennis and {Bolin}, Bryce and
                 {Brinnel}, Valery and {Brooke}, Tim and {Bue}, Brian and
                 {Bulla}, Mattia and {Burruss}, Rick and {Cenko}, S. Bradley and
                 {Chang}, Chan-Kao and {Connolly}, Andrew and {Coughlin},
                 Michael and {Cromer}, John and {Cunningham}, Virginia and {De},
                 Kishalay and {Delacroix}, Alex and {Desai}, Vandana and {Duev},
                 Dmitry A. and {Eadie}, Gwendolyn and {Farnham}, Tony L. and
                 {Feeney}, Michael and {Feindt}, Ulrich and {Flynn}, David and
                 {Franckowiak}, Anna and {Frederick}, S. and {Fremling}, C. and
                 {Gal-Yam}, Avishay and {Gezari}, Suvi and {Giomi}, Matteo and
                 {Goldstein}, Daniel A. and {Golkhou}, V. Zach and {Goobar},
                 Ariel and {Groom}, Steven and {Hacopians}, Eugean and {Hale},
                 David and {Henning}, John and {Ho}, Anna Y.~Q. and {Hover},
                 David and {Howell}, Justin and {Hung}, Tiara and
                 {Huppenkothen}, Daniela and {Imel}, David and {Ip}, Wing-Huen
                 and {Ivezi{\'c}}, {\v{Z}}eljko and {Jackson}, Edward and
                 {Jones}, Lynne and {Juric}, Mario and {Kasliwal}, Mansi M. and
                 {Kaspi}, S. and {Kaye}, Stephen and {Kelley}, Michael S.~P. and
                 {Kowalski}, Marek and {Kramer}, Emily and {Kupfer}, Thomas and
                 {Landry}, Walter and {Laher}, Russ R. and {Lee}, Chien-De and
                 {Lin}, Hsing Wen and {Lin}, Zhong-Yi and {Lunnan}, Ragnhild and
                 {Giomi}, Matteo and {Mahabal}, Ashish and {Mao}, Peter and
                 {Miller}, Adam A. and {Monkewitz}, Serge and {Murphy}, Patrick
                 and {Ngeow}, Chow-Choong and {Nordin}, Jakob and {Nugent},
                 Peter and {Ofek}, Eran and {Patterson}, Maria T. and
                 {Penprase}, Bryan and {Porter}, Michael and {Rauch}, Ludwig and
                 {Rebbapragada}, Umaa and {Reiley}, Dan and {Rigault}, Mickael
                 and {Rodriguez}, Hector and {van Roestel}, Jan and {Rusholme},
                 Ben and {van Santen}, Jakob and {Schulze}, S. and {Shupe},
                 David L. and {Singer}, Leo P. and {Soumagnac}, Maayane T. and
                 {Stein}, Robert and {Surace}, Jason and {Sollerman}, Jesper and
                 {Szkody}, Paula and {Taddia}, F. and {Terek}, Scott and {Van
                 Sistine}, Angela and {van Velzen}, Sjoert and {Vestrand}, W.
Thomas and {Walters}, Richard and {Ward}, Charlotte and {Ye}, Quan-Zhi and {Yu},
Po-Chieh and {Yan}, Lin and {Zolkower}, Jeffry},
        title = "{The Zwicky Transient Facility: System Overview, Performance,
                 and First Results}",
      journal = {\pasp},
     keywords = {Astrophysics - Instrumentation and Methods for Astrophysics},
         year = 2019,
        month = jan,
       volume = {131},
       number = {995},
        pages = {018002},
          doi = {10.1088/1538-3873/aaecbe},
archivePrefix = {arXiv},
       eprint = {1902.01932},
 primaryClass = {astro-ph.IM},
       adsurl = {https://ui.adsabs.harvard.edu/abs/2019PASP..131a8002B},
      adsnote = {Provided by the SAO/NASA Astrophysics Data System}
}

@ARTICLE{bessell1990,
       author = {{Bessell}, M.~S.},
        title = "{UBVRI passbands.}",
      journal = {\pasp},
     keywords = {Astronomical Photometry, Spectral Bands, Ubv Spectra, Charge
                 Coupled Devices, Reference Stars, Stellar Color, Stellar
                 Magnitude, Astronomy},
         year = 1990,
        month = oct,
       volume = {102},
        pages = {1181-1199},
          doi = {10.1086/132749},
       adsurl = {https://ui.adsabs.harvard.edu/abs/1990PASP..102.1181B},
      adsnote = {Provided by the SAO/NASA Astrophysics Data System}
}

@ARTICLE{betoule2014,
       author = {{Betoule}, M. and {Kessler}, R. and {Guy}, J. and {Mosher}, J.
                 and {Hardin}, D. and {Biswas}, R. and {Astier}, P. and
                 {El-Hage}, P. and {Konig}, M. and {Kuhlmann}, S. and
                 {Marriner}, J. and {Pain}, R. and {Regnault}, N. and {Balland},
                 C. and {Bassett}, B.~A. and {Brown}, P.~J. and {Campbell}, H.
                 and {Carlberg}, R.~G. and {Cellier-Holzem}, F. and {Cinabro},
                 D. and {Conley}, A. and {D'Andrea}, C.~B. and {DePoy}, D.~L.
                 and {Doi}, M. and {Ellis}, R.~S. and {Fabbro}, S. and
                 {Filippenko}, A.~V. and {Foley}, R.~J. and {Frieman}, J.~A. and
                 {Fouchez}, D. and {Galbany}, L. and {Goobar}, A. and {Gupta},
                 R.~R. and {Hill}, G.~J. and {Hlozek}, R. and {Hogan}, C.~J. and
                 {Hook}, I.~M. and {Howell}, D.~A. and {Jha}, S.~W. and {Le
                 Guillou}, L. and {Leloudas}, G. and {Lidman}, C. and
{Marshall}, J.~L. and {M{\"o}ller}, A. and {Mour{\~a}o}, A.~M. and {Neveu}, J.
and {Nichol}, R. and {Olmstead}, M.~D. and {Palanque-Delabrouille}, N. and
{Perlmutter}, S. and {Prieto}, J.~L. and {Pritchet}, C.~J. and {Richmond}, M.
and {Riess}, A.~G. and {Ruhlmann-Kleider}, V. and {Sako}, M. and {Schahmaneche},
K. and {Schneider}, D.~P. and {Smith}, M. and {Sollerman}, J. and {Sullivan}, M.
and {Walton}, N.~A. and {Wheeler}, C.~J.},
        title = "{Improved cosmological constraints from a joint analysis of the
                 SDSS-II and SNLS supernova samples}",
      journal = {\aap},
     keywords = {cosmology: observations, distance scale, dark energy,
                 Astrophysics - Cosmology and Nongalactic Astrophysics},
         year = 2014,
        month = aug,
       volume = {568},
          eid = {A22},
        pages = {A22},
          doi = {10.1051/0004-6361/201423413},
archivePrefix = {arXiv},
       eprint = {1401.4064},
 primaryClass = {astro-ph.CO},
       adsurl = {https://ui.adsabs.harvard.edu/abs/2014A&A...568A..22B},
      adsnote = {Provided by the SAO/NASA Astrophysics Data System}
}

@INPROCEEDINGS{boulade2003,
       author = {{Boulade}, Olivier and {Charlot}, Xavier and {Abbon}, P. and
                 {Aune}, Stephan and {Borgeaud}, Pierre and {Carton},
                 Pierre-Henri and {Carty}, M. and {Da Costa}, J. and
                 {Deschamps}, H. and {Desforge}, D. and {Eppell{\'e}}, Dominique
                 and {Gallais}, Pascal and {Gosset}, L. and {Granelli}, Remy and
                 {Gros}, Michel and {de Kat}, Jean and {Loiseau}, Denis and
                 {Ritou}, J. -. and {Rouss{\'e}}, Jean Y. and {Starzynski},
                 Pierre and {Vignal}, Nicolas and {Vigroux}, Laurent G.},
        title = "{MegaCam: the new Canada-France-Hawaii Telescope wide-field
                 imaging camera}",
    booktitle = {Instrument Design and Performance for Optical/Infrared
                 Ground-based Telescopes},
         year = 2003,
       editor = {{Iye}, Masanori and {Moorwood}, Alan F.~M.},
       series = {Society of Photo-Optical Instrumentation Engineers (SPIE)
                 Conference Series},
       volume = {4841},
        month = mar,
        pages = {72-81},
          doi = {10.1117/12.459890},
       adsurl = {https://ui.adsabs.harvard.edu/abs/2003SPIE.4841...72B},
      adsnote = {Provided by the SAO/NASA Astrophysics Data System}
}

@ARTICLE{briday2022,
       author = {{Briday}, M. and {Rigault}, M. and {Graziani}, R. and {Copin},
                 Y. and {Aldering}, G. and {Amenouche}, M. and {Brinnel}, V. and
                 {Kim}, A.~G. and {Kim}, Y. -L. and {Lezmy}, J. and {Nicolas},
                 N. and {Nordin}, J. and {Perlmutter}, S. and {Rosnet}, P. and
                 {Smith}, M.},
        title = "{Accuracy of environmental tracers and consequences for
                 determining the Type Ia supernova magnitude step}",
      journal = {\aap},
     keywords = {distance scale, surveys, supernovae: general, cosmology:
                 observations, Astrophysics - Cosmology and Nongalactic
                 Astrophysics},
         year = 2022,
        month = jan,
       volume = {657},
          eid = {A22},
        pages = {A22},
          doi = {10.1051/0004-6361/202141160},
archivePrefix = {arXiv},
       eprint = {2109.02456},
 primaryClass = {astro-ph.CO},
       adsurl = {https://ui.adsabs.harvard.edu/abs/2022A&A...657A..22B},
      adsnote = {Provided by the SAO/NASA Astrophysics Data System}
}

@phdthesis{briday2021,
  title = {{{\'E}tude de l'impact de l'environnement galactique sur la
           standardisation des Supernovae de Type Ia}},
  author = {Briday, Martin},
  number = {2021LYSE1198},
  school = "{Université Claude Bernard -- Lyon I}",
  journal = {HAL thèses},
  year = {2021},
  month = Oct,
  keywords = {Cosmology ; Type Ia Supernova ; Systematic errors ; Host
              environment ; Cosmologie ; Supernova de Type Ia ; Erreurs
              syst{\'e}matiques ; Environnement h{\^o}te},
  type = {Theses},
  pdf =
  {https://tel.archives-ouvertes.fr/tel-03621515/file/TH2021BRIDAYMARTIN.pdf},
  adsurl = {https://tel.archives-ouvertes.fr/tel-03621515},
  hal_id = {tel-03621515},
  hal_version = {v1},
}

@INPROCEEDINGS{burgh2003,
       author = {{Burgh}, Eric B. and {Nordsieck}, Kenneth H. and {Kobulnicky},
                 Henry A. and {Williams}, Ted B. and {O'Donoghue}, Darragh and
                 {Smith}, Michael P. and {Percival}, Jeffrey W.},
        title = "{Prime Focus Imaging Spectrograph for the Southern African
                 Large Telescope: optical design}",
    booktitle = {Instrument Design and Performance for Optical/Infrared
                 Ground-based Telescopes},
         year = 2003,
       editor = {{Iye}, Masanori and {Moorwood}, Alan F.~M.},
       series = {Society of Photo-Optical Instrumentation Engineers (SPIE)
                 Conference Series},
       volume = {4841},
        month = mar,
        pages = {1463-1471},
          doi = {10.1117/12.460312},
       adsurl = {https://ui.adsabs.harvard.edu/abs/2003SPIE.4841.1463B},
      adsnote = {Provided by the SAO/NASA Astrophysics Data System}
}

@article{burnham2004,
    author = {{Burnham}, Kenneth \& {Anderson}, David R.},
    title = {Multimodel Inference: Understanding AIC and BIC in Model
             Selection},
    journal = {Sociological Methods \& Research},
    volume = {33},
    number = {2},
    pages = {261-304},
    year = {2004},
    doi = {10.1177/0049124104268644},
    URL = {https://doi.org/10.1177/0049124104268644},
    eprint = {https://doi.org/10.1177/0049124104268644},
    abstract = {The model selection literature has been generally poor at
                reflecting the deep foundations of the Akaike information
                criterion (AIC) and at making appropriate comparisons to the
                Bayesian information criterion (BIC). There is a clear
                philosophy, a sound criterion based in information theory, and a
                rigorous statistical foundation for AIC. AIC can be justified as
                Bayesian using a “savvy” prior on models that is a function of
                sample size and the number of model parameters. Furthermore, BIC
                can be derived as a non-Bayesian result. Therefore, arguments
                about using AIC versus BIC for model selection cannot be from a
                Bayes versus frequentist perspective. The philosophical context
                of what is assumed about reality, approximating models, and the
                intent of model-based inference should determine whether AIC or
                BIC is used. Various facets of such multimodel inference are
                presented here, particularly methods of model averaging.},
}

% C

@ARTICLE{calzetti2012,
       author = {{Calzetti}, D. and {Liu}, G. and {Koda}, J.},
        title = "{Star Formation Laws: The Effects of Gas Cloud Sampling}",
      journal = {\apj},
     keywords = {galaxies: ISM, ISM: structure, stars: formation, Astrophysics -
                 Astrophysics of Galaxies},
         year = 2012,
        month = jun,
       volume = {752},
       number = {2},
          eid = {98},
        pages = {98},
          doi = {10.1088/0004-637X/752/2/98},
archivePrefix = {arXiv},
       eprint = {1204.5659},
 primaryClass = {astro-ph.GA},
       adsurl = {https://ui.adsabs.harvard.edu/abs/2012ApJ...752...98C},
      adsnote = {Provided by the SAO/NASA Astrophysics Data System}
}

@INCOLLECTION{calzetti2013,
       author = {{Calzetti}, Daniela},
        title = "{Star Formation Rate Indicators}",
     keywords = {Astrophysics - Cosmology and Extragalactic Astrophysics},
    booktitle = {Secular Evolution of Galaxies},
         year = 2013,
       editor = {{Falc{\'o}n-Barroso}, Jes{\'u}s and {Knapen}, Johan H.},
        pages = {419},
       adsurl = {https://ui.adsabs.harvard.edu/abs/2013seg..book..419C},
      adsnote = {Provided by the SAO/NASA Astrophysics Data System}
}

@ARTICLE{campbell2013,
       author = {{Campbell}, Heather and {D'Andrea}, Chris B. and {Nichol},
                 Robert C. and {Sako}, Masao and {Smith}, Mathew and {Lampeitl},
                 Hubert and {Olmstead}, Matthew D. and {Bassett}, Bruce and
                 {Biswas}, Rahul and {Brown}, Peter and {Cinabro}, David and
                 {Dawson}, Kyle S. and {Dilday}, Ben and {Foley}, Ryan J. and
                 {Frieman}, Joshua A. and {Garnavich}, Peter and {Hlozek}, Renee
                 and {Jha}, Saurabh W. and {Kuhlmann}, Steve and {Kunz}, Martin
                 and {Marriner}, John and {Miquel}, Ramon and {Richmond},
                 Michael and {Riess}, Adam and {Schneider}, Donald P. and
                 {Sollerman}, Jesper and {Taylor}, Matt and {Zhao}, Gong-Bo},
        title = "{Cosmology with Photometrically Classified Type Ia Supernovae
                 from the SDSS-II Supernova Survey}",
      journal = {\apj},
     keywords = {cosmology: observations, distance scale, supernovae: general,
                 surveys, Astrophysics - Cosmology and Extragalactic
                 Astrophysics},
         year = 2013,
        month = feb,
       volume = {763},
       number = {2},
          eid = {88},
        pages = {88},
          doi = {10.1088/0004-637X/763/2/88},
archivePrefix = {arXiv},
       eprint = {1211.4480},
 primaryClass = {astro-ph.CO},
       adsurl = {https://ui.adsabs.harvard.edu/abs/2013ApJ...763...88C},
      adsnote = {Provided by the SAO/NASA Astrophysics Data System}
}

@ARTICLE{chambers2016,
       author = {{Chambers}, K.~C. and {Magnier}, E.~A. and {Metcalfe}, N. and
                 {Flewelling}, H.~A. and {Huber}, M.~E. and {Waters}, C.~Z. and
                 {Denneau}, L. and {Draper}, P.~W. and {Farrow}, D. and
                 {Finkbeiner}, D.~P. and {Holmberg}, C. and {Koppenhoefer}, J.
                 and {Price}, P.~A. and {Rest}, A. and {Saglia}, R.~P. and
                 {Schlafly}, E.~F. and {Smartt}, S.~J. and {Sweeney}, W. and
                 {Wainscoat}, R.~J. and {Burgett}, W.~S. and {Chastel}, S. and
                 {Grav}, T. and {Heasley}, J.~N. and {Hodapp}, K.~W. and
                 {Jedicke}, R. and {Kaiser}, N. and {Kudritzki}, R. -P. and
                 {Luppino}, G.~A. and {Lupton}, R.~H. and {Monet}, D.~G. and
                 {Morgan}, J.~S. and {Onaka}, P.~M. and {Shiao}, B. and
                 {Stubbs}, C.~W. and {Tonry}, J.~L. and {White}, R. and
                 {Ba{\~n}ados}, E. and {Bell}, E.~F. and {Bender}, R. and
                 {Bernard}, E.~J. and {Boegner}, M. and {Boffi}, F. and
                 {Botticella}, M.~T. and {Calamida}, A. and {Casertano}, S. and
                 {Chen}, W. -P. and {Chen}, X. and {Cole}, S. and {Deacon}, N.
                 and {Frenk}, C. and {Fitzsimmons}, A. and {Gezari}, S. and
                 {Gibbs}, V. and {Goessl}, C. and {Goggia}, T. and {Gourgue}, R.
                 and {Goldman}, B. and {Grant}, P. and {Grebel}, E.~K. and
                 {Hambly}, N.~C. and {Hasinger}, G. and {Heavens}, A.~F. and
                 {Heckman}, T.~M. and {Henderson}, R. and {Henning}, T. and
                 {Holman}, M. and {Hopp}, U. and {Ip}, W. -H. and {Isani}, S.
                 and {Jackson}, M. and {Keyes}, C.~D. and {Koekemoer}, A.~M. and
                 {Kotak}, R. and {Le}, D. and {Liska}, D. and {Long}, K.~S. and
                 {Lucey}, J.~R. and {Liu}, M. and {Martin}, N.~F. and {Masci},
                 G. and {McLean}, B. and {Mindel}, E. and {Misra}, P. and
                 {Morganson}, E. and {Murphy}, D.~N.~A. and {Obaika}, A. and
                 {Narayan}, G. and {Nieto-Santisteban}, M.~A. and {Norberg}, P.
                 and {Peacock}, J.~A. and {Pier}, E.~A. and {Postman}, M. and
                 {Primak}, N. and {Rae}, C. and {Rai}, A. and {Riess}, A. and
                 {Riffeser}, A. and {Rix}, H.~W. and {R{\"o}ser}, S. and
                 {Russel}, R. and {Rutz}, L. and {Schilbach}, E. and {Schultz},
                 A.~S.~B. and {Scolnic}, D. and {Strolger}, L. and {Szalay}, A.
                 and {Seitz}, S. and {Small}, E. and {Smith}, K.~W. and
                 {Soderblom}, D.~R. and {Taylor}, P. and {Thomson}, R. and
                 {Taylor}, A.~N. and {Thakar}, A.~R. and {Thiel}, J. and
                 {Thilker}, D. and {Unger}, D. and {Urata}, Y. and {Valenti}, J.
                 and {Wagner}, J. and {Walder}, T. and {Walter}, F. and
                 {Watters}, S.~P. and {Werner}, S. and {Wood-Vasey}, W.~M. and
                 {Wyse}, R.},
        title = "{The Pan-STARRS1 Surveys}",
      journal = {arXiv e-prints},
     keywords = {Astrophysics - Instrumentation and Methods for Astrophysics,
                 Astrophysics - Earth and Planetary Astrophysics, Astrophysics -
                 Astrophysics of Galaxies, Astrophysics - Solar and Stellar
                 Astrophysics},
         year = 2016,
        month = dec,
          eid = {arXiv:1612.05560},
        pages = {arXiv:1612.05560},
archivePrefix = {arXiv},
       eprint = {1612.05560},
 primaryClass = {astro-ph.IM},
       adsurl = {https://ui.adsabs.harvard.edu/abs/2016arXiv161205560C},
      adsnote = {Provided by the SAO/NASA Astrophysics Data System}
}

@ARTICLE{childress2013,
       author = {{Childress}, M. and {Aldering}, G. and {Antilogus}, P. and
                 {Aragon}, C. and {Bailey}, S. and {Baltay}, C. and {Bongard},
                 S. and {Buton}, C. and {Canto}, A. and {Cellier-Holzem}, F. and
                 {Chotard}, N. and {Copin}, Y. and {Fakhouri}, H.~K. and
                 {Gangler}, E. and {Guy}, J. and {Hsiao}, E.~Y. and
                 {Kerschhaggl}, M. and {Kim}, A.~G. and {Kowalski}, M. and
                 {Loken}, S. and {Nugent}, P. and {Paech}, K. and {Pain}, R. and
                 {Pecontal}, E. and {Pereira}, R. and {Perlmutter}, S. and
                 {Rabinowitz}, D. and {Rigault}, M. and {Runge}, K. and
                 {Scalzo}, R. and {Smadja}, G. and {Tao}, C. and {Thomas}, R.~C.
                 and {Weaver}, B.~A. and {Wu}, C.},
        title = "{Host Galaxy Properties and Hubble Residuals of Type Ia
                 Supernovae from the Nearby Supernova Factory}",
      journal = {\apj},
     keywords = {dark energy, supernovae: general, Astrophysics - Cosmology and
                 Nongalactic Astrophysics},
         year = 2013,
        month = jun,
       volume = {770},
       number = {2},
          eid = {108},
        pages = {108},
          doi = {10.1088/0004-637X/770/2/108},
archivePrefix = {arXiv},
       eprint = {1304.4720},
 primaryClass = {astro-ph.CO},
       adsurl = {https://ui.adsabs.harvard.edu/abs/2013ApJ...770..108C},
      adsnote = {Provided by the SAO/NASA Astrophysics Data System}
}

@ARTICLE{childress2014,
       author = {{Childress}, Michael J. and {Wolf}, Christian and {Zahid}, H.
                 Jabran},
        title = "{Ages of Type Ia supernovae over cosmic time}",
      journal = {\mnras},
     keywords = {supernovae: general, galaxies: evolution, dark energy,
                 Astrophysics - Cosmology and Nongalactic Astrophysics,
                 Astrophysics - Astrophysics of Galaxies},
         year = 2014,
        month = dec,
       volume = {445},
       number = {2},
        pages = {1898-1911},
          doi = {10.1093/mnras/stu1892},
archivePrefix = {arXiv},
       eprint = {1409.2951},
 primaryClass = {astro-ph.CO},
       adsurl = {https://ui.adsabs.harvard.edu/abs/2014MNRAS.445.1898C},
      adsnote = {Provided by the SAO/NASA Astrophysics Data System}
}

@ARTICLE{conley2011,
       author = {{Conley}, A. and {Guy}, J. and {Sullivan}, M. and {Regnault},
                 N. and {Astier}, P. and {Balland}, C. and {Basa}, S. and
                 {Carlberg}, R.~G. and {Fouchez}, D. and {Hardin}, D. and
                 {Hook}, I.~M. and {Howell}, D.~A. and {Pain}, R. and
                 {Palanque-Delabrouille}, N. and {Perrett}, K.~M. and
                 {Pritchet}, C.~J. and {Rich}, J. and {Ruhlmann-Kleider}, V. and
                 {Balam}, D. and {Baumont}, S. and {Ellis}, R.~S. and {Fabbro},
                 S. and {Fakhouri}, H.~K. and {Fourmanoit}, N. and
                 {Gonz{\'a}lez-Gait{\'a}n}, S. and {Graham}, M.~L. and {Hudson},
                 M.~J. and {Hsiao}, E. and {Kronborg}, T. and {Lidman}, C. and
                 {Mourao}, A.~M. and {Neill}, J.~D. and {Perlmutter}, S. and
                 {Ripoche}, P. and {Suzuki}, N. and {Walker}, E.~S.},
        title = "{Supernova Constraints and Systematic Uncertainties from the
                 First Three Years of the Supernova Legacy Survey}",
      journal = {\apjs},
     keywords = {cosmological parameters, cosmology: observations, supernovae:
                 general, Astrophysics - Cosmology and Extragalactic
                 Astrophysics},
         year = 2011,
        month = jan,
       volume = {192},
       number = {1},
          eid = {1},
        pages = {1},
          doi = {10.1088/0067-0049/192/1/1},
archivePrefix = {arXiv},
       eprint = {1104.1443},
 primaryClass = {astro-ph.CO},
       adsurl = {https://ui.adsabs.harvard.edu/abs/2011ApJS..192....1C},
      adsnote = {Provided by the SAO/NASA Astrophysics Data System}
}

@ARTICLE{contreras2010,
       author = {{Contreras}, Carlos and {Hamuy}, Mario and {Phillips}, M.~M.
                 and {Folatelli}, Gast{\'o}n and {Suntzeff}, Nicholas B. and
                 {Persson}, S.~E. and {Stritzinger}, Maximilian and {Boldt},
                 Luis and {Gonz{\'a}lez}, Sergio and {Krzeminski}, Wojtek and
                 {Morrell}, Nidia and {Roth}, Miguel and {Salgado}, Francisco
                 and {Maureira}, Mar{\'\i}a Jos{\'e} and {Burns}, Christopher R.
                 and {Freedman}, W.~L. and {Madore}, Barry F. and {Murphy},
                 David and {Wyatt}, Pamela and {Li}, Weidong and {Filippenko},
                 Alexei V.},
        title = "{The Carnegie Supernova Project: First Photometry Data Release
                 of Low-Redshift Type Ia Supernovae}",
      journal = {\aj},
     keywords = {galaxies: distances and redshifts, supernovae: general,
                 Astrophysics - Cosmology and Nongalactic Astrophysics},
         year = 2010,
        month = feb,
       volume = {139},
       number = {2},
        pages = {519-539},
          doi = {10.1088/0004-6256/139/2/519},
archivePrefix = {arXiv},
       eprint = {0910.3330},
 primaryClass = {astro-ph.CO},
       adsurl = {https://ui.adsabs.harvard.edu/abs/2010AJ....139..519C},
      adsnote = {Provided by the SAO/NASA Astrophysics Data System}
}

@phdthesis{copin2013,
        title = "{Spectro-photométrie à champ intégral dans le cadre du projet
                 ``The Nearby Supernova Factory''}",
       author = {Copin, Yannick},
       school = "{Université Claude Bernard -- Lyon I}",
      journal = {HAL thèses},
         year = 2013,
        month = Jun,
     keywords = {observational cosmology ; type Ia supernova ;
                 spectro-photometry ; integral field spectrography ; cosmologie
                 observationnelle ; supernova de type Ia ; spectro-photométrie ;
                 spectrographie à champ intégral},
         type = {Habilitation à diriger des recherches},
          pdf = {https://tel.archives-ouvertes.fr/tel-00855585/file/hdr.pdf},
       hal_id = {tel-00855585},
  hal_version = {v1},
       adsurl = {https://tel.archives-ouvertes.fr/tel-00855585},
}

% D

@ARTICLE{dandrea2001,
       author = {{D'Andrea}, Chris B. and {Gupta}, Ravi R. and {Sako}, Masao and
                 {Morris}, Matt and {Nichol}, Robert C. and {Brown}, Peter J.
                 and {Campbell}, Heather and {Olmstead}, Matthew D. and
                 {Frieman}, Joshua A. and {Garnavich}, Peter and {Jha}, Saurabh
                 W. and {Kessler}, Richard and {Lampeitl}, Hubert and
                 {Marriner}, John and {Schneider}, Donald P. and {Smith},
                 Mathew},
        title = "{Spectroscopic Properties of Star-forming Host Galaxies and
                 Type Ia Supernova Hubble Residuals in a nearly Unbiased
                 Sample}",
      journal = {\apj},
     keywords = {cosmology: observations, galaxies: abundances, supernovae:
                 general, surveys, Astrophysics - Cosmology and Nongalactic
                 Astrophysics},
         year = 2011,
        month = dec,
       volume = {743},
       number = {2},
          eid = {172},
        pages = {172},
          doi = {10.1088/0004-637X/743/2/172},
archivePrefix = {arXiv},
       eprint = {1110.5517},
 primaryClass = {astro-ph.CO},
       adsurl = {https://ui.adsabs.harvard.edu/abs/2011ApJ...743..172D},
      adsnote = {Provided by the SAO/NASA Astrophysics Data System}
}

@ARTICLE{dekany2020,
       author = {{Dekany}, Richard and {Smith}, Roger M. and {Riddle}, Reed and
                 {Feeney}, Michael and {Porter}, Michael and {Hale}, David and
                 {Zolkower}, Jeffry and {Belicki}, Justin and {Kaye}, Stephen
                 and {Henning}, John and {Walters}, Richard and {Cromer}, John
                 and {Delacroix}, Alex and {Rodriguez}, Hector and {Reiley},
                 Daniel J. and {Mao}, Peter and {Hover}, David and {Murphy},
                 Patrick and {Burruss}, Rick and {Baker}, John and {Kowalski},
                 Marek and {Reif}, Klaus and {Mueller}, Phillip and {Bellm},
                 Eric and {Graham}, Matthew and {Kulkarni}, Shrinivas R.},
        title = "{The Zwicky Transient Facility: Observing System}",
      journal = {\pasp},
     keywords = {instrumentation: detectors, instrumentation: miscellaneous,
                 methods: observational, surveys, techniques: photometric, time,
                 Astrophysics - Instrumentation and Methods for Astrophysics,
                 Physics - Instrumentation and Detectors, Physics - Optics},
         year = 2020,
        month = mar,
       volume = {132},
       number = {1009},
          eid = {038001},
        pages = {038001},
          doi = {10.1088/1538-3873/ab4ca2},
archivePrefix = {arXiv},
       eprint = {2008.04923},
 primaryClass = {astro-ph.IM},
       adsurl = {https://ui.adsabs.harvard.edu/abs/2020PASP..132c8001D},
      adsnote = {Provided by the SAO/NASA Astrophysics Data System}
}

@INPROCEEDINGS{dekker1986,
       author = {{Dekker}, H. and {Delabre}, B. and {Dodorico}, S.},
        title = "{ESO's multimode instrument for the Nasmyth focus of the 3.5 m
                 New Technology Telescope.}",
     keywords = {Multispectral Tracking Telescopes, Phased Arrays, Reflecting
                 Telescopes, Spectrographs, Europe, Filter Wheel Infrared
                 Spectrometers, Gratings (Spectra), Image Resolution, Spectral
                 Resolution, Instrumentation and Photography, New Technology
                 Telescopes:Spectrographs, Optical Design:Spectrographs,
                 Spectrographs:New Technology Telescopes, Spectrographs:Optical
                 Design},
    booktitle = {Instrumentation in astronomy VI},
         year = 1986,
       editor = {{Crawford}, David L.},
       series = {Society of Photo-Optical Instrumentation Engineers (SPIE)
                 Conference Series},
       volume = {627},
        month = jan,
        pages = {339-348},
          doi = {10.1117/12.968108},
       adsurl = {https://ui.adsabs.harvard.edu/abs/1986SPIE..627..339D},
      adsnote = {Provided by the SAO/NASA Astrophysics Data System}
}

@ARTICLE{dilday2008,
       author = {{Dilday}, Benjamin and {Kessler}, Richard and {Frieman}, Joshua
                 A. and {Holtzman}, Jon and {Marriner}, John and {Miknaitis},
                 Gajus and {Nichol}, Robert C. and {Romani}, Roger and {Sako},
                 Masao and {Bassett}, Bruce and {Becker}, Andrew and {Cinabro},
                 David and {DeJongh}, Fritz and {Depoy}, Darren L. and {Doi},
                 Mamoru and {Garnavich}, Peter M. and {Hogan}, Craig J. and
                 {Jha}, Saurabh and {Konishi}, Kohki and {Lampeitl}, Hubert and
                 {Marshall}, Jennifer L. and {McGinnis}, David and {Prieto},
                 Jose Luis and {Riess}, Adam G. and {Richmond}, Michael W. and
                 {Schneider}, Donald P. and {Smith}, Mathew and {Takanashi},
                 Naohiro and {Tokita}, Kouichi and {van der Heyden}, Kurt and
                 {Yasuda}, Naoki and {Zheng}, Chen and {Barentine}, John and
                 {Brewington}, Howard and {Choi}, Changsu and {Crotts}, Arlin
                 and {Dembicky}, Jack and {Harvanek}, Michael and {Im}, Myunshin
                 and {Ketzeback}, William and {Kleinman}, Scott J. and
                 {Krzesi{\'n}ski}, Jurek and {Long}, Daniel C. and
                 {Malanushenko}, Elena and {Malanushenko}, Viktor and
                 {McMillan}, Russet J. and {Nitta}, Atsuko and {Pan}, Kaike and
                 {Saurage}, Gabrelle and {Snedden}, Stephanie A. and {Watters},
                 Shannon and {Wheeler}, J. Craig and {York}, Donald},
        title = "{A Measurement of the Rate of Type Ia Supernovae at Redshift z
                 {\ensuremath{\approx}} 0.1 from the First Season of the SDSS-II
                 Supernova Survey}",
      journal = {\apj},
     keywords = {supernovae: general, Astrophysics},
         year = 2008,
        month = jul,
       volume = {682},
       number = {1},
        pages = {262-282},
          doi = {10.1086/587733},
archivePrefix = {arXiv},
       eprint = {0801.3297},
 primaryClass = {astro-ph},
       adsurl = {https://ui.adsabs.harvard.edu/abs/2008ApJ...682..262D},
      adsnote = {Provided by the SAO/NASA Astrophysics Data System}
}

@ARTICLE{dressler2011,
       author = {{Dressler}, Alan and {Bigelow}, Bruce and {Hare}, Tyson and
                 {Sutin}, Brian and {Thompson}, Ian and {Burley}, Greg and
                 {Epps}, Harland and {Oemler}, Augustus, Jr. and {Bagish}, Alan
                 and {Birk}, Christoph and {Clardy}, Ken and {Gunnels}, Steve
                 and {Kelson}, Daniel and {Shectman}, Stephen and {Osip},
                 David},
        title = "{IMACS: The Inamori-Magellan Areal Camera and Spectrograph on
                 Magellan-Baade}",
      journal = {\pasp},
         year = 2011,
        month = mar,
       volume = {123},
       number = {901},
        pages = {288},
          doi = {10.1086/658908},
       adsurl = {https://ui.adsabs.harvard.edu/abs/2011PASP..123..288D},
      adsnote = {Provided by the SAO/NASA Astrophysics Data System}
}

% E

@ARTICLE{ellis2008,
       author = {{Ellis}, R.~S. and {Sullivan}, M. and {Nugent}, P.~E. and
                 {Howell}, D.~A. and {Gal-Yam}, A. and {Astier}, P. and {Balam},
                 D. and {Balland}, C. and {Basa}, S. and {Carlberg}, R.~G. and
                 {Conley}, A. and {Fouchez}, D. and {Guy}, J. and {Hardin}, D.
                 and {Hook}, I. and {Pain}, R. and {Perrett}, K. and {Pritchet},
                 C.~J. and {Regnault}, N.},
        title = "{Verifying the Cosmological Utility of Type Ia Supernovae:
                 Implications of a Dispersion in the Ultraviolet Spectra}",
      journal = {\apj},
     keywords = {cosmological parameters, supernovae: general, surveys,
                 Astrophysics},
         year = 2008,
        month = feb,
       volume = {674},
       number = {1},
        pages = {51-69},
          doi = {10.1086/524981},
archivePrefix = {arXiv},
       eprint = {0710.3896},
 primaryClass = {astro-ph},
       adsurl = {https://ui.adsabs.harvard.edu/abs/2008ApJ...674...51E},
      adsnote = {Provided by the SAO/NASA Astrophysics Data System}
}

% F

@INPROCEEDINGS{faber2003,
       author = {{Faber}, Sandra M. and {Phillips}, Andrew C. and {Kibrick},
                 Robert I. and {Alcott}, Barry and {Allen}, Steven L. and
                 {Burrous}, Jim and {Cantrall}, T. and {Clarke}, De and {Coil},
                 Alison L. and {Cowley}, David J. and {Davis}, Marc and {Deich},
                 William T.~S. and {Dietsch}, Ken and {Gilmore}, David K. and
                 {Harper}, Carol A. and {Hilyard}, David F. and {Lewis}, Jeffrey
                 P. and {McVeigh}, Molly and {Newman}, Jeffrey and {Osborne},
                 Jack and {Schiavon}, Ricardo and {Stover}, Richard J. and
                 {Tucker}, Dean and {Wallace}, Vernon and {Wei}, Mingzhi and
                 {Wirth}, Gregory and {Wright}, Christopher A.},
        title = "{The DEIMOS spectrograph for the Keck II Telescope: integration
                 and testing}",
    booktitle = {Instrument Design and Performance for Optical/Infrared
                 Ground-based Telescopes},
         year = 2003,
       editor = {{Iye}, Masanori and {Moorwood}, Alan F.~M.},
       series = {Society of Photo-Optical Instrumentation Engineers (SPIE)
                 Conference Series},
       volume = {4841},
        month = mar,
        pages = {1657-1669},
          doi = {10.1117/12.460346},
       adsurl = {https://ui.adsabs.harvard.edu/abs/2003SPIE.4841.1657F},
      adsnote = {Provided by the SAO/NASA Astrophysics Data System}
}

@ARTICLE{fabricant2005,
       author = {{Fabricant}, Daniel and {Fata}, Robert and {Roll}, John and
                 {Hertz}, Edward and {Caldwell}, Nelson and {Gauron}, Thomas and
                 {Geary}, John and {McLeod}, Brian and {Szentgyorgyi}, Andrew
                 and {Zajac}, Joseph and {Kurtz}, Michael and {Barberis}, Jack
                 and {Bergner}, Henry and {Brown}, Warren and {Conroy}, Maureen
                 and {Eng}, Roger and {Geller}, Margaret and {Goddard}, Richard
                 and {Honsa}, Michael and {Mueller}, Mark and {Mink}, Douglas
                 and {Ordway}, Mark and {Tokarz}, Susan and {Woods}, Deborah and
                 {Wyatt}, William and {Epps}, Harland and {Dell'Antonio}, Ian},
        title = "{Hectospec, the MMT's 300 Optical Fiber-Fed Spectrograph}",
      journal = {\pasp},
     keywords = {Instrumentation: Spectrographs, Techniques: Spectroscopic,
                 Methods: Data Analysis, Astrophysics},
         year = 2005,
        month = dec,
       volume = {117},
       number = {838},
        pages = {1411-1434},
          doi = {10.1086/497385},
archivePrefix = {arXiv},
       eprint = {astro-ph/0508554},
 primaryClass = {astro-ph},
       adsurl = {https://ui.adsabs.harvard.edu/abs/2005PASP..117.1411F},
      adsnote = {Provided by the SAO/NASA Astrophysics Data System}
}

@ARTICLE{feeney2019,
       author = {{Feeney}, Stephen M. and {Peiris}, Hiranya V. and {Williamson},
                 Andrew R. and {Nissanke}, Samaya M. and {Mortlock}, Daniel J.
                 and {Alsing}, Justin and {Scolnic}, Dan},
        title = "{Prospects for Resolving the Hubble Constant Tension with
                 Standard Sirens}",
      journal = {\prl},
     keywords = {Astrophysics - Cosmology and Nongalactic Astrophysics},
         year = 2019,
        month = feb,
       volume = {122},
       number = {6},
          eid = {061105},
        pages = {061105},
          doi = {10.1103/PhysRevLett.122.061105},
archivePrefix = {arXiv},
       eprint = {1802.03404},
 primaryClass = {astro-ph.CO},
       adsurl = {https://ui.adsabs.harvard.edu/abs/2019PhRvL.122f1105F},
      adsnote = {Provided by the SAO/NASA Astrophysics Data System}
}

@ARTICLE{folatelli2010,
       author = {{Folatelli}, Gast{\'o}n and {Phillips}, M.~M. and {Burns},
                 Christopher R. and {Contreras}, Carlos and {Hamuy}, Mario and
                 {Freedman}, W.~L. and {Persson}, S.~E. and {Stritzinger},
                 Maximilian and {Suntzeff}, Nicholas B. and {Krisciunas}, Kevin
                 and {Boldt}, Luis and {Gonz{\'a}lez}, Sergio and {Krzeminski},
                 Wojtek and {Morrell}, Nidia and {Roth}, Miguel and {Salgado},
                 Francisco and {Madore}, Barry F. and {Murphy}, David and
                 {Wyatt}, Pamela and {Li}, Weidong and {Filippenko}, Alexei V.
                 and {Miller}, Nicole},
        title = "{The Carnegie Supernova Project: Analysis of the First Sample
                 of Low-Redshift Type-Ia Supernovae}",
      journal = {\aj},
     keywords = {distance scale, dust, extinction, galaxies: distances and
                 redshifts, galaxies: ISM, supernovae: general, Astrophysics -
                 Cosmology and Extragalactic Astrophysics},
         year = 2010,
        month = jan,
       volume = {139},
       number = {1},
        pages = {120-144},
          doi = {10.1088/0004-6256/139/1/120},
archivePrefix = {arXiv},
       eprint = {0910.3317},
 primaryClass = {astro-ph.CO},
       adsurl = {https://ui.adsabs.harvard.edu/abs/2010AJ....139..120F},
      adsnote = {Provided by the SAO/NASA Astrophysics Data System}
}

@ARTICLE{freedman2019,
       author = {{Freedman}, Wendy L. and {Madore}, Barry F. and {Hatt}, Dylan
                 and {Hoyt}, Taylor J. and {Jang}, In Sung and {Beaton}, Rachael
                 L. and {Burns}, Christopher R. and {Lee}, Myung Gyoon and
                 {Monson}, Andrew J. and {Neeley}, Jillian R. and {Phillips},
                 M.~M. and {Rich}, Jeffrey A. and {Seibert}, Mark},
        title = "{The Carnegie-Chicago Hubble Program. VIII. An Independent
                 Determination of the Hubble Constant Based on the Tip of the
                 Red Giant Branch}",
      journal = {\apj},
     keywords = {cosmological parameters, distance scale, galaxies: distances
                 and redshifts, stars: low-mass, stars: Population II,
                 Astrophysics - Cosmology and Nongalactic Astrophysics,
                 Astrophysics - Astrophysics of Galaxies},
         year = 2019,
        month = sep,
       volume = {882},
       number = {1},
          eid = {34},
        pages = {34},
          doi = {10.3847/1538-4357/ab2f73},
archivePrefix = {arXiv},
       eprint = {1907.05922},
 primaryClass = {astro-ph.CO},
       adsurl = {https://ui.adsabs.harvard.edu/abs/2019ApJ...882...34F},
      adsnote = {Provided by the SAO/NASA Astrophysics Data System}
}

@ARTICLE{freedman2020,
       author = {{Freedman}, Wendy L. and {Madore}, Barry F. and {Hoyt}, Taylor
                 and {Jang}, In Sung and {Beaton}, Rachael and {Lee}, Myung
                 Gyoon and {Monson}, Andrew and {Neeley}, Jill and {Rich},
                 Jeffrey},
        title = "{Calibration of the Tip of the Red Giant Branch}",
      journal = {\apj},
     keywords = {1146, 590, 841, 758, Astrophysics - Astrophysics of Galaxies,
                 Astrophysics - Cosmology and Nongalactic Astrophysics},
         year = 2020,
        month = mar,
       volume = {891},
       number = {1},
          eid = {57},
        pages = {57},
          doi = {10.3847/1538-4357/ab7339},
archivePrefix = {arXiv},
       eprint = {2002.01550},
 primaryClass = {astro-ph.GA},
       adsurl = {https://ui.adsabs.harvard.edu/abs/2020ApJ...891...57F},
      adsnote = {Provided by the SAO/NASA Astrophysics Data System}
}

@ARTICLE{frieman2008,
       author = {{Frieman}, Joshua A. and {Bassett}, Bruce and {Becker}, Andrew
                 and {Choi}, Changsu and {Cinabro}, David and {DeJongh}, Fritz
                 and {Depoy}, Darren L. and {Dilday}, Ben and {Doi}, Mamoru and
                 {Garnavich}, Peter M. and {Hogan}, Craig J. and {Holtzman}, Jon
                 and {Im}, Myungshin and {Jha}, Saurabh and {Kessler}, Richard
                 and {Konishi}, Kohki and {Lampeitl}, Hubert and {Marriner},
                 John and {Marshall}, Jennifer L. and {McGinnis}, David and
                 {Miknaitis}, Gajus and {Nichol}, Robert C. and {Prieto}, Jose
                 Luis and {Riess}, Adam G. and {Richmond}, Michael W. and
                 {Romani}, Roger and {Sako}, Masao and {Schneider}, Donald P.
                 and {Smith}, Mathew and {Takanashi}, Naohiro and {Tokita},
                 Kouichi and {van der Heyden}, Kurt and {Yasuda}, Naoki and
                 {Zheng}, Chen and {Adelman-McCarthy}, Jennifer and {Annis},
                 James and {Assef}, Roberto J. and {Barentine}, John and
                 {Bender}, Ralf and {Blandford}, Roger D. and {Boroski}, William
                 N. and {Bremer}, Malcolm and {Brewington}, Howard and
                 {Collins}, Chris A. and {Crotts}, Arlin and {Dembicky}, Jack
                 and {Eastman}, Jason and {Edge}, Alastair and {Edmondson},
                 Edmond and {Elson}, Edward and {Eyler}, Michael E. and
                 {Filippenko}, Alexei V. and {Foley}, Ryan J. and {Frank},
                 Stephan and {Goobar}, Ariel and {Gueth}, Tina and {Gunn}, James
                 E. and {Harvanek}, Michael and {Hopp}, Ulrich and {Ihara},
                 Yutaka and {Ivezi{\'c}}, {\v{Z}}elko and {Kahn}, Steven and
                 {Kaplan}, Jared and {Kent}, Stephen and {Ketzeback}, William
                 and {Kleinman}, Scott J. and {Kollatschny}, Wolfram and {Kron},
                 Richard G. and {Krzesi{\'n}ski}, Jurek and {Lamenti}, Dennis
                 and {Leloudas}, Giorgos and {Lin}, Huan and {Long}, Daniel C.
                 and {Lucey}, John and {Lupton}, Robert H. and {Malanushenko},
                 Elena and {Malanushenko}, Viktor and {McMillan}, Russet J. and
                 {Mendez}, Javier and {Morgan}, Christopher W. and {Morokuma},
                 Tomoki and {Nitta}, Atsuko and {Ostman}, Linda and {Pan}, Kaike
                 and {Rockosi}, Constance M. and {Romer}, A. Kathy and
                 {Ruiz-Lapuente}, Pilar and {Saurage}, Gabrelle and
                 {Schlesinger}, Katie and {Snedden}, Stephanie A. and
                 {Sollerman}, Jesper and {Stoughton}, Chris and {Stritzinger},
                 Maximilian and {Subba Rao}, Mark and {Tucker}, Douglas and
                 {Vaisanen}, Petri and {Watson}, Linda C. and {Watters}, Shannon
                 and {Wheeler}, J. Craig and {Yanny}, Brian and {York}, Donald},
        title = "{The Sloan Digital Sky Survey-II Supernova Survey: Technical
                 Summary}",
      journal = {\aj},
     keywords = {supernovae: general, surveys, Astrophysics},
         year = 2008,
        month = jan,
       volume = {135},
       number = {1},
        pages = {338-347},
          doi = {10.1088/0004-6256/135/1/338},
archivePrefix = {arXiv},
       eprint = {0708.2749},
 primaryClass = {astro-ph},
       adsurl = {https://ui.adsabs.harvard.edu/abs/2008AJ....135..338F},
      adsnote = {Provided by the SAO/NASA Astrophysics Data System}
}

@ARTICLE{fukugita1996,
       author = {{Fukugita}, M. and {Ichikawa}, T. and {Gunn}, J.~E. and {Doi},
                 M. and {Shimasaku}, K. and {Schneider}, D.~P.},
        title = "{The Sloan Digital Sky Survey Photometric System}",
      journal = {\aj},
     keywords = {SURVEYS, INSTRUMENTATION: PHOTOMETERS, TECHNIQUES:
                 PHOTOMETRIC},
         year = 1996,
        month = apr,
       volume = {111},
        pages = {1748},
          doi = {10.1086/117915},
       adsurl = {https://ui.adsabs.harvard.edu/abs/1996AJ....111.1748F},
      adsnote = {Provided by the SAO/NASA Astrophysics Data System}
}

% G

@ARTICLE{giavalisco2004,
       author = {{Giavalisco}, M. and {Ferguson}, H.~C. and {Koekemoer}, A.~M.
                 and {Dickinson}, M. and {Alexander}, D.~M. and {Bauer}, F.~E.
                 and {Bergeron}, J. and {Biagetti}, C. and {Brandt}, W.~N. and
                 {Casertano}, S. and {Cesarsky}, C. and {Chatzichristou}, E. and
                 {Conselice}, C. and {Cristiani}, S. and {Da Costa}, L. and
                 {Dahlen}, T. and {de Mello}, D. and {Eisenhardt}, P. and
                 {Erben}, T. and {Fall}, S.~M. and {Fassnacht}, C. and
                 {Fosbury}, R. and {Fruchter}, A. and {Gardner}, J.~P. and
                 {Grogin}, N. and {Hook}, R.~N. and {Hornschemeier}, A.~E. and
                 {Idzi}, R. and {Jogee}, S. and {Kretchmer}, C. and {Laidler},
                 V. and {Lee}, K.~S. and {Livio}, M. and {Lucas}, R. and
                 {Madau}, P. and {Mobasher}, B. and {Moustakas}, L.~A. and
                 {Nonino}, M. and {Padovani}, P. and {Papovich}, C. and {Park},
                 Y. and {Ravindranath}, S. and {Renzini}, A. and {Richardson},
                 M. and {Riess}, A. and {Rosati}, P. and {Schirmer}, M. and
                 {Schreier}, E. and {Somerville}, R.~S. and {Spinrad}, H. and
                 {Stern}, D. and {Stiavelli}, M. and {Strolger}, L. and {Urry},
                 C.~M. and {Vandame}, B. and {Williams}, R. and {Wolf}, C.},
        title = "{The Great Observatories Origins Deep Survey: Initial Results
                 from Optical and Near-Infrared Imaging}",
      journal = {\apjl},
     keywords = {Cosmology: Observations, Galaxies: Distances and Redshifts,
                 Galaxies: Evolution, Galaxies: Formation, Astrophysics},
         year = 2004,
        month = jan,
       volume = {600},
       number = {2},
        pages = {L93-L98},
          doi = {10.1086/379232},
archivePrefix = {arXiv},
       eprint = {astro-ph/0309105},
 primaryClass = {astro-ph},
       adsurl = {https://ui.adsabs.harvard.edu/abs/2004ApJ...600L..93G},
      adsnote = {Provided by the SAO/NASA Astrophysics Data System}
}

@ARTICLE{graham2019,
       author = {{Graham}, Matthew J. and {Kulkarni}, S.~R. and {Bellm}, Eric C.
                 and {Adams}, Scott M. and {Barbarino}, Cristina and
                 {Blagorodnova}, Nadejda and {Bodewits}, Dennis and {Bolin},
                 Bryce and {Brady}, Patrick R. and {Cenko}, S. Bradley and
                 {Chang}, Chan-Kao and {Coughlin}, Michael W. and {De}, Kishalay
                 and {Eadie}, Gwendolyn and {Farnham}, Tony L. and {Feindt},
                 Ulrich and {Franckowiak}, Anna and {Fremling}, Christoffer and
                 {Gezari}, Suvi and {Ghosh}, Shaon and {Goldstein}, Daniel A.
                 and {Golkhou}, V. Zach and {Goobar}, Ariel and {Ho}, Anna Y.~Q.
                 and {Huppenkothen}, Daniela and {Ivezi{\'c}}, {\v{Z}}eljko and
                 {Jones}, R. Lynne and {Juric}, Mario and {Kaplan}, David L. and
                 {Kasliwal}, Mansi M. and {Kelley}, Michael S.~P. and {Kupfer},
                 Thomas and {Lee}, Chien-De and {Lin}, Hsing Wen and {Lunnan},
                 Ragnhild and {Mahabal}, Ashish A. and {Miller}, Adam A. and
                 {Ngeow}, Chow-Choong and {Nugent}, Peter and {Ofek}, Eran O.
                 and {Prince}, Thomas A. and {Rauch}, Ludwig and {van Roestel},
                 Jan and {Schulze}, Steve and {Singer}, Leo P. and {Sollerman},
                 Jesper and {Taddia}, Francesco and {Yan}, Lin and {Ye},
                 Quan-Zhi and {Yu}, Po-Chieh and {Barlow}, Tom and {Bauer},
                 James and {Beck}, Ron and {Belicki}, Justin and {Biswas}, Rahul
                 and {Brinnel}, Valery and {Brooke}, Tim and {Bue}, Brian and
                 {Bulla}, Mattia and {Burruss}, Rick and {Connolly}, Andrew and
                 {Cromer}, John and {Cunningham}, Virginia and {Dekany}, Richard
                 and {Delacroix}, Alex and {Desai}, Vandana and {Duev}, Dmitry
                 A. and {Feeney}, Michael and {Flynn}, David and {Frederick},
                 Sara and {Gal-Yam}, Avishay and {Giomi}, Matteo and {Groom},
                 Steven and {Hacopians}, Eugean and {Hale}, David and {Helou},
                 George and {Henning}, John and {Hover}, David and
                 {Hillenbrand}, Lynne A. and {Howell}, Justin and {Hung}, Tiara
                 and {Imel}, David and {Ip}, Wing-Huen and {Jackson}, Edward and
                 {Kaspi}, Shai and {Kaye}, Stephen and {Kowalski}, Marek and
                 {Kramer}, Emily and {Kuhn}, Michael and {Landry}, Walter and
                 {Laher}, Russ R. and {Mao}, Peter and {Masci}, Frank J. and
                 {Monkewitz}, Serge and {Murphy}, Patrick and {Nordin}, Jakob
                 and {Patterson}, Maria T. and {Penprase}, Bryan and {Porter},
                 Michael and {Rebbapragada}, Umaa and {Reiley}, Dan and
                 {Riddle}, Reed and {Rigault}, Mickael and {Rodriguez}, Hector
                 and {Rusholme}, Ben and {van Santen}, Jakob and {Shupe}, David
                 L. and {Smith}, Roger M. and {Soumagnac}, Maayane T. and
                 {Stein}, Robert and {Surace}, Jason and {Szkody}, Paula and
                 {Terek}, Scott and {Van Sistine}, Angela and {van Velzen},
                 Sjoert and {Vestrand}, W. Thomas and {Walters}, Richard and
                 {Ward}, Charlotte and {Zhang}, Chaoran and {Zolkower}, Jeffry},
        title = "{The Zwicky Transient Facility: Science Objectives}",
      journal = {\pasp},
     keywords = {Astrophysics - Instrumentation and Methods for Astrophysics,
                 Astrophysics - High Energy Astrophysical Phenomena},
         year = 2019,
        month = jul,
       volume = {131},
       number = {1001},
        pages = {078001},
          doi = {10.1088/1538-3873/ab006c},
archivePrefix = {arXiv},
       eprint = {1902.01945},
 primaryClass = {astro-ph.IM},
       adsurl = {https://ui.adsabs.harvard.edu/abs/2019PASP..131g8001G},
      adsnote = {Provided by the SAO/NASA Astrophysics Data System}
}

@ARTICLE{graur2014,
       author = {{Graur}, O. and {Rodney}, S.~A. and {Maoz}, D. and {Riess},
                 A.~G. and {Jha}, S.~W. and {Postman}, M. and {Dahlen}, T. and
                 {Holoien}, T.~W. -S. and {McCully}, C. and {Patel}, B. and
                 {Strolger}, L. -G. and {Ben{\'\i}tez}, N. and {Coe}, D. and
                 {Jouvel}, S. and {Medezinski}, E. and {Molino}, A. and
                 {Nonino}, M. and {Bradley}, L. and {Koekemoer}, A. and
                 {Balestra}, I. and {Cenko}, S.~B. and {Clubb}, K.~I. and
                 {Dickinson}, M.~E. and {Filippenko}, A.~V. and {Frederiksen},
                 T.~F. and {Garnavich}, P. and {Hjorth}, J. and {Jones}, D.~O.
                 and {Leibundgut}, B. and {Matheson}, T. and {Mobasher}, B. and
                 {Rosati}, P. and {Silverman}, J.~M. and {U}, V. and
                 {Jedruszczuk}, K. and {Li}, C. and {Lin}, K. and {Mirmelstein},
                 M. and {Neustadt}, J. and {Ovadia}, A. and {Rogers}, E.~H.},
        title = "{Type-Ia Supernova Rates to Redshift 2.4 from CLASH: The
                 Cluster Lensing And Supernova Survey with Hubble}",
      journal = {\apj},
     keywords = {supernovae: general, surveys, white dwarfs, Astrophysics -
                 Cosmology and Nongalactic Astrophysics},
         year = 2014,
        month = mar,
       volume = {783},
       number = {1},
          eid = {28},
        pages = {28},
          doi = {10.1088/0004-637X/783/1/28},
archivePrefix = {arXiv},
       eprint = {1310.3495},
 primaryClass = {astro-ph.CO},
       adsurl = {https://ui.adsabs.harvard.edu/abs/2014ApJ...783...28G},
      adsnote = {Provided by the SAO/NASA Astrophysics Data System}
}

@ARTICLE{gunn1998,
       author = {{Gunn}, J.~E. and {Carr}, M. and {Rockosi}, C. and {Sekiguchi},
                 M. and {Berry}, K. and {Elms}, B. and {de Haas}, E. and
                 {Ivezi{\'c}}, {\v{Z}} . and {Knapp}, G. and {Lupton}, R. and
                 {Pauls}, G. and {Simcoe}, R. and {Hirsch}, R. and {Sanford}, D.
                 and {Wang}, S. and {York}, D. and {Harris}, F. and {Annis}, J.
                 and {Bartozek}, L. and {Boroski}, W. and {Bakken}, J. and
                 {Haldeman}, M. and {Kent}, S. and {Holm}, S. and {Holmgren}, D.
                 and {Petravick}, D. and {Prosapio}, A. and {Rechenmacher}, R.
                 and {Doi}, M. and {Fukugita}, M. and {Shimasaku}, K. and
                 {Okada}, N. and {Hull}, C. and {Siegmund}, W. and {Mannery}, E.
                 and {Blouke}, M. and {Heidtman}, D. and {Schneider}, D. and
                 {Lucinio}, R. and {Brinkman}, J.},
        title = "{The Sloan Digital Sky Survey Photometric Camera}",
      journal = {\aj},
     keywords = {ASTROMETRY, ATLASES, CATALOGS, COSMOLOGY: OBSERVATIONS,
                 INSTRUMENTATION: DETECTORS, INSTRUMENTATION: PHOTOMETERS,
                 SURVEYS, Astrophysics},
         year = 1998,
        month = dec,
       volume = {116},
       number = {6},
        pages = {3040-3081},
          doi = {10.1086/300645},
archivePrefix = {arXiv},
       eprint = {astro-ph/9809085},
 primaryClass = {astro-ph},
       adsurl = {https://ui.adsabs.harvard.edu/abs/1998AJ....116.3040G},
      adsnote = {Provided by the SAO/NASA Astrophysics Data System}
}

@ARTICLE{gunn2006,
       author = {{Gunn}, James E. and {Siegmund}, Walter A. and {Mannery},
                 Edward J. and {Owen}, Russell E. and {Hull}, Charles L. and
                 {Leger}, R. French and {Carey}, Larry N. and {Knapp}, Gillian
                 R. and {York}, Donald G. and {Boroski}, William N. and {Kent},
                 Stephen M. and {Lupton}, Robert H. and {Rockosi}, Constance M.
                 and {Evans}, Michael L. and {Waddell}, Patrick and {Anderson},
                 John E. and {Annis}, James and {Barentine}, John C. and
                 {Bartoszek}, Larry M. and {Bastian}, Steven and {Bracker},
                 Stephen B. and {Brewington}, Howard J. and {Briegel}, Charles
                 I. and {Brinkmann}, Jon and {Brown}, Yorke J. and {Carr},
                 Michael A. and {Czarapata}, Paul C. and {Drennan}, Craig C. and
                 {Dombeck}, Thomas and {Federwitz}, Glenn R. and {Gillespie},
                 Bruce A. and {Gonzales}, Carlos and {Hansen}, Sten U. and
                 {Harvanek}, Michael and {Hayes}, Jeffrey and {Jordan}, Wendell
                 and {Kinney}, Ellyne and {Klaene}, Mark and {Kleinman}, S.~J.
                 and {Kron}, Richard G. and {Kresinski}, Jurek and {Lee}, Glenn
                 and {Limmongkol}, Siriluk and {Lindenmeyer}, Carl W. and
                 {Long}, Daniel C. and {Loomis}, Craig L. and {McGehee},
                 Peregrine M. and {Mantsch}, Paul M. and {Neilsen}, Eric H., Jr.
                 and {Neswold}, Richard M. and {Newman}, Peter R. and {Nitta},
                 Atsuko and {Peoples}, John, Jr. and {Pier}, Jeffrey R. and
                 {Prieto}, Peter S. and {Prosapio}, Angela and {Rivetta},
                 Claudio and {Schneider}, Donald P. and {Snedden}, Stephanie and
                 {Wang}, Shu-i.},
        title = "{The 2.5 m Telescope of the Sloan Digital Sky Survey}",
      journal = {\aj},
     keywords = {Surveys, Telescopes, Astrophysics},
         year = 2006,
        month = apr,
       volume = {131},
       number = {4},
        pages = {2332-2359},
          doi = {10.1086/500975},
archivePrefix = {arXiv},
       eprint = {astro-ph/0602326},
 primaryClass = {astro-ph},
       adsurl = {https://ui.adsabs.harvard.edu/abs/2006AJ....131.2332G},
      adsnote = {Provided by the SAO/NASA Astrophysics Data System}
}

@ARTICLE{gupta2011,
       author = {{Gupta}, Ravi R. and {D'Andrea}, Chris B. and {Sako}, Masao and
                 {Conroy}, Charlie and {Smith}, Mathew and {Bassett}, Bruce and
                 {Frieman}, Joshua A. and {Garnavich}, Peter M. and {Jha},
                 Saurabh W. and {Kessler}, Richard and {Lampeitl}, Hubert and
                 {Marriner}, John and {Nichol}, Robert C. and {Schneider},
                 Donald P.},
        title = "{Improved Constraints on Type Ia Supernova Host Galaxy
                 Properties Using Multi-wavelength Photometry and Their
                 Correlations with Supernova Properties}",
      journal = {\apj},
     keywords = {cosmology: observations, galaxies: photometry, supernovae:
                 general, Astrophysics - Cosmology and Nongalactic
                 Astrophysics},
         year = 2011,
        month = oct,
       volume = {740},
       number = {2},
          eid = {92},
        pages = {92},
          doi = {10.1088/0004-637X/740/2/92},
archivePrefix = {arXiv},
       eprint = {1107.6003},
 primaryClass = {astro-ph.CO},
       adsurl = {https://ui.adsabs.harvard.edu/abs/2011ApJ...740...92G},
      adsnote = {Provided by the SAO/NASA Astrophysics Data System}
}

@ARTICLE{guy2007,
       author = {{Guy}, J. and {Astier}, P. and {Baumont}, S. and {Hardin}, D.
                 and {Pain}, R. and {Regnault}, N. and {Basa}, S. and
                 {Fouchez}, D. and {Hook}, I.~M. and {Howell}, D.~A. and
                 {Perrett}, K. and {Pritchet}, C.~J. and {Rich}, J. and
                 {Sullivan}, M. and {Antilogus}, P. and {Aubourg}, E. and
                 {Bazin}, G. and {Bronder}, J. and {Filiol}, M. and
                 {Palanque-Delabrouille}, N. and {Ripoche}, P. and
                 {Ruhlmann-Kleider}, V.},
        title = "{SALT2: using distant supernovae to improve the use of type Ia
                 supernovae as distance indicators}",
      journal = {\aap},
     keywords = {supernovae: general, cosmology: observations, Astrophysics},
         year = 2007,
        month = apr,
       volume = {466},
       number = {1},
        pages = {11-21},
          doi = {10.1051/0004-6361:20066930},
archivePrefix = {arXiv},
       eprint = {astro-ph/0701828},
 primaryClass = {astro-ph},
       adsurl = {https://ui.adsabs.harvard.edu/abs/2007A&A...466...11G},
      adsnote = {Provided by the SAO/NASA Astrophysics Data System}
}

% H

@INPROCEEDINGS{hadjiyska2012,
       author = {{Hadjiyska}, Ellie and {Rabinowitz}, David and {Baltay}, Charles and {Ellman}, Nancy and {Nugent}, Peter and {Zinn}, Robert and {Horowitz}, Benjamin and {McKinnon}, Ryan and {Miller}, Lissa R.},
        title = "{La Silla-QUEST Variability Survey in the Southern Hemisphere}",
     keywords = {surveys, techniques: photometric, supernovae: Type Ia, stars: variables, Astrophysics - Instrumentation and Methods for Astrophysics, Astrophysics - Cosmology and Extragalactic Astrophysics},
    booktitle = {New Horizons in Time Domain Astronomy},
         year = 2012,
       editor = {{Griffin}, Elizabeth and {Hanisch}, Robert and {Seaman}, Rob},
       volume = {285},
        month = apr,
        pages = {324-326},
          doi = {10.1017/S1743921312000944},
archivePrefix = {arXiv},
       eprint = {1210.1584},
 primaryClass = {astro-ph.IM},
       adsurl = {https://ui.adsabs.harvard.edu/abs/2012IAUS..285..324H},
      adsnote = {Provided by the SAO/NASA Astrophysics Data System}
}

@ARTICLE{hamuy1996,
       author = {{Hamuy}, Mario and {Phillips}, M.~M. and {Suntzeff}, Nicholas
                 B. and {Schommer}, Robert A. and {Maza}, Jose and {Aviles},
                 R.},
        title = "{The Absolute Luminosities of the Calan/Tololo Type IA
                 Supernovae}",
      journal = {\aj},
     keywords = {SUPERNOVAE: GENERAL, SURVEYS, STARS: LUMINOSITY FUNCTION,
                 Astrophysics},
         year = 1996,
        month = dec,
       volume = {112},
        pages = {2391},
          doi = {10.1086/118190},
archivePrefix = {arXiv},
       eprint = {astro-ph/9609059},
 primaryClass = {astro-ph},
       adsurl = {https://ui.adsabs.harvard.edu/abs/1996AJ....112.2391H},
      adsnote = {Provided by the SAO/NASA Astrophysics Data System}
}
@ARTICLE{hamuy2000,
       author = {{Hamuy}, Mario and {Trager}, S.~C. and {Pinto}, Philip A. and
                 {Phillips}, M.~M. and {Schommer}, R.~A. and {Ivanov}, Valentin
                 and {Suntzeff}, Nicholas B.},
        title = "{A Search for Environmental Effects on Type IA Supernovae}",
      journal = {\aj},
     keywords = {Cosmology: Distance Scale, Stars: Supernovae: General,
                 Astrophysics},
         year = 2000,
        month = sep,
       volume = {120},
       number = {3},
        pages = {1479-1486},
          doi = {10.1086/301527},
archivePrefix = {arXiv},
       eprint = {astro-ph/0005213},
 primaryClass = {astro-ph},
       adsurl = {https://ui.adsabs.harvard.edu/abs/2000AJ....120.1479H},
      adsnote = {Provided by the SAO/NASA Astrophysics Data System}
}

@ARTICLE{hicken2009a,
       author = {{Hicken}, Malcolm and {Challis}, Peter and {Jha}, Saurabh and
                 {Kirshner}, Robert P. and {Matheson}, Tom and {Modjaz}, Maryam
                 and {Rest}, Armin and {Wood-Vasey}, W. Michael and {Bakos},
                 Gaspar and {Barton}, Elizabeth J. and {Berlind}, Perry and
                 {Bragg}, Ann and {Brice{\~n}o}, Cesar and {Brown}, Warren R.
                 and {Caldwell}, Nelson and {Calkins}, Mike and {Cho}, Richard
                 and {Ciupik}, Larry and {Contreras}, Maria and {Dendy},
                 Kristi-Concannon and {Dosaj}, Anil and {Durham}, Nick and
                 {Eriksen}, Kris and {Esquerdo}, Gil and {Everett}, Mark and
                 {Falco}, Emilio and {Fernandez}, Jose and {Gaba}, Alejandro and
                 {Garnavich}, Peter and {Graves}, Genevieve and {Green}, Paul
                 and {Groner}, Ted and {Hergenrother}, Carl and {Holman},
                 Matthew J. and {Hradecky}, Vit and {Huchra}, John and
                 {Hutchison}, Bob and {Jerius}, Diab and {Jordan}, Andres and
                 {Kilgard}, Roy and {Krauss}, Miriam and {Luhman}, Kevin and
                 {Macri}, Lucas and {Marrone}, Daniel and {McDowell}, Jonathan
                 and {McIntosh}, Daniel and {McNamara}, Brian and {Megeath}, Tom
                 and {Mochejska}, Barbara and {Munoz}, Diego and {Muzerolle},
                 James and {Naranjo}, Orlando and {Narayan}, Gautham and
                 {Pahre}, Michael and {Peters}, Wayne and {Peterson}, Dawn and
                 {Rines}, Ken and {Ripman}, Ben and {Roussanova}, Anna and
                 {Schild}, Rudolph and {Sicilia-Aguilar}, Aurora and
                 {Sokoloski}, Jennifer and {Smalley}, Kyle and {Smith}, Andy and
                 {Spahr}, Tim and {Stanek}, K.~Z. and {Barmby}, Pauline and
                 {Blondin}, St{\'e}phane and {Stubbs}, Christopher W. and
                 {Szentgyorgyi}, Andrew and {Torres}, Manuel A.~P. and {Vaz},
                 Amili and {Vikhlinin}, Alexey and {Wang}, Zhong and {Westover},
                 Mike and {Woods}, Deborah and {Zhao}, Ping},
        title = "{CfA3: 185 Type Ia Supernova Light Curves from the CfA}",
      journal = {\apj},
     keywords = {supernovae: general, Astrophysics - Cosmology and Extragalactic
                 Astrophysics},
         year = 2009,
        month = jul,
       volume = {700},
       number = {1},
        pages = {331-357},
          doi = {10.1088/0004-637X/700/1/331},
archivePrefix = {arXiv},
       eprint = {0901.4787},
 primaryClass = {astro-ph.CO},
       adsurl = {https://ui.adsabs.harvard.edu/abs/2009ApJ...700..331H},
      adsnote = {Provided by the SAO/NASA Astrophysics Data System}
}

@ARTICLE{hicken2009b,
       author = {{Hicken}, Malcolm and {Wood-Vasey}, W. Michael and {Blondin},
                 Stephane and {Challis}, Peter and {Jha}, Saurabh and {Kelly},
                 Patrick L. and {Rest}, Armin and {Kirshner}, Robert P.},
        title = "{Improved Dark Energy Constraints from
                 \raisebox{-0.5ex}\textasciitilde100 New CfA Supernova Type Ia
                 Light Curves}",
      journal = {\apj},
     keywords = {cosmology: dark energy, supernovae: general, Astrophysics -
                 Cosmology and Extragalactic Astrophysics},
         year = 2009,
        month = aug,
       volume = {700},
       number = {2},
        pages = {1097-1140},
          doi = {10.1088/0004-637X/700/2/1097},
archivePrefix = {arXiv},
       eprint = {0901.4804},
 primaryClass = {astro-ph.CO},
       adsurl = {https://ui.adsabs.harvard.edu/abs/2009ApJ...700.1097H},
      adsnote = {Provided by the SAO/NASA Astrophysics Data System}
}

@ARTICLE{hicken2012,
       author = {{Hicken}, Malcolm and {Challis}, Peter and {Kirshner}, Robert
                 P. and {Rest}, Armin and {Cramer}, Claire E. and {Wood-Vasey},
                 W. Michael and {Bakos}, Gaspar and {Berlind}, Perry and
                 {Brown}, Warren R. and {Caldwell}, Nelson and {Calkins}, Mike
                 and {Currie}, Thayne and {de Kleer}, Kathy and {Esquerdo}, Gil
                 and {Everett}, Mark and {Falco}, Emilio and {Fernandez}, Jose
                 and {Friedman}, Andrew S. and {Groner}, Ted and {Hartman}, Joel
                 and {Holman}, Matthew J. and {Hutchins}, Robert and {Keys},
                 Sonia and {Kipping}, David and {Latham}, Dave and {Marion},
                 George H. and {Narayan}, Gautham and {Pahre}, Michael and
                 {Pal}, Andras and {Peters}, Wayne and {Perumpilly}, Gopakumar
                 and {Ripman}, Ben and {Sipocz}, Brigitta and {Szentgyorgyi},
                 Andrew and {Tang}, Sumin and {Torres}, Manuel A.~P. and {Vaz},
                 Amali and {Wolk}, Scott and {Zezas}, Andreas},
        title = "{CfA4: Light Curves for 94 Type Ia Supernovae}",
      journal = {\apjs},
     keywords = {supernovae: general, Astrophysics - Cosmology and Nongalactic
                 Astrophysics},
         year = 2012,
        month = jun,
       volume = {200},
       number = {2},
          eid = {12},
        pages = {12},
          doi = {10.1088/0067-0049/200/2/12},
archivePrefix = {arXiv},
       eprint = {1205.4493},
 primaryClass = {astro-ph.CO},
       adsurl = {https://ui.adsabs.harvard.edu/abs/2012ApJS..200...12H},
      adsnote = {Provided by the SAO/NASA Astrophysics Data System}
}

@INPROCEEDINGS{hill1998,
       author = {{Hill}, Gary J. and {Nicklas}, Harald E. and {MacQueen},
                 Phillip J. and {Tejada}, Carlos and {Cobos Duenas}, Francisco
                 J. and {Mitsch}, Wolfgang},
        title = "{Hobby-Eberly Telescope low-resolution spectrograph}",
    booktitle = {Optical Astronomical Instrumentation},
         year = 1998,
       editor = {{D'Odorico}, Sandro},
       series = {Society of Photo-Optical Instrumentation Engineers (SPIE)
                 Conference Series},
       volume = {3355},
        month = jul,
        pages = {375-386},
          doi = {10.1117/12.316773},
       adsurl = {https://ui.adsabs.harvard.edu/abs/1998SPIE.3355..375H},
      adsnote = {Provided by the SAO/NASA Astrophysics Data System}
}

@ARTICLE{hinton2019,
       author = {{Hinton}, S.~R. and {Davis}, T.~M. and {Kim}, A.~G. and
                 {Brout}, D. and {D'Andrea}, C.~B. and {Kessler}, R. and
                 {Lasker}, J. and {Lidman}, C. and {Macaulay}, E. and
                 {M{\"o}ller}, A. and {Sako}, M. and {Scolnic}, D. and {Smith},
                 M. and {Wolf}, R.~C. and {Childress}, M. and {Morganson}, E.
                 and {Allam}, S. and {Annis}, J. and {Avila}, S. and {Bertin},
                 E. and {Brooks}, D. and {Burke}, D.~L. and {Carnero Rosell}, A.
                 and {Carrasco Kind}, M. and {Carretero}, J. and {Cunha}, C.~E.
                 and {da Costa}, L.~N. and {Davis}, C. and {De Vicente}, J. and
                 {DePoy}, D.~L. and {Doel}, P. and {Eifler}, T.~F. and
                 {Flaugher}, B. and {Fosalba}, P. and {Frieman}, J. and
                 {Garc{\'\i}a-Bellido}, J. and {Gaztanaga}, E. and {Gerdes},
                 D.~W. and {Gruendl}, R.~A. and {Gschwend}, J. and {Gutierrez},
                 G. and {Hartley}, W.~G. and {Hollowood}, D.~L. and {Honscheid},
                 K. and {Krause}, E. and {Kuehn}, K. and {Kuropatkin}, N. and
                 {Lahav}, O. and {Lima}, M. and {Maia}, M.~A.~G. and {March}, M.
                 and {Marshall}, J.~L. and {Menanteau}, F. and {Miquel}, R. and
                 {Ogando}, R.~L.~C. and {Plazas}, A.~A. and {Sanchez}, E. and
                 {Scarpine}, V. and {Schindler}, R. and {Schubnell}, M. and
                 {Serrano}, S. and {Sevilla-Noarbe}, I. and {Soares-Santos}, M.
                 and {Sobreira}, F. and {Suchyta}, E. and {Tarle}, G. and
                 {Thomas}, D. and {Vikram}, V. and {Zhang}, Y.},
        title = "{Steve: A Hierarchical Bayesian Model for Supernova Cosmology}",
      journal = {\apj},
     keywords = {dark energy, methods: data analysis, Astrophysics - Cosmology
                 and Nongalactic Astrophysics},
         year = 2019,
        month = may,
       volume = {876},
       number = {1},
          eid = {15},
        pages = {15},
          doi = {10.3847/1538-4357/ab13a3},
archivePrefix = {arXiv},
       eprint = {1811.02381},
 primaryClass = {astro-ph.CO},
       adsurl = {https://ui.adsabs.harvard.edu/abs/2019ApJ...876...15H},
      adsnote = {Provided by the SAO/NASA Astrophysics Data System}
}

@ARTICLE{hodapp2004,
       author = {{Hodapp}, K.~W. and {Kaiser}, N. and {Aussel}, H. and
                 {Burgett}, W. and {Chambers}, K.~C. and {Chun}, M. and
                 {Dombeck}, T. and {Douglas}, A. and {Hafner}, D. and {Heasley},
                 J. and {Hoblitt}, J. and {Hude}, C. and {Isani}, S. and
                 {Jedicke}, R. and {Jewitt}, D. and {Laux}, U. and {Luppino},
                 G.~A. and {Lupton}, R. and {Maberry}, M. and {Magnier}, E. and
                 {Mannery}, E. and {Monet}, D. and {Morgan}, J. and {Onaka}, P.
                 and {Price}, P. and {Ryan}, A. and {Siegmund}, W. and
                 {Szapudi}, I. and {Tonry}, J. and {Wainscoat}, R. and
                 {Waterson}, M.},
        title = "{Design of the Pan-STARRS telescopes}",
      journal = {Astronomische Nachrichten},
     keywords = {survey telescope, optical design},
         year = 2004,
        month = oct,
       volume = {325},
       number = {6},
        pages = {636-642},
          doi = {10.1002/asna.200410300},
       adsurl = {https://ui.adsabs.harvard.edu/abs/2004AN....325..636H},
      adsnote = {Provided by the SAO/NASA Astrophysics Data System}
}

@ARTICLE{hook2004,
       author = {{Hook}, I.~M. and {J{\o}rgensen}, Inger and {Allington-Smith},
                 J.~R. and {Davies}, R.~L. and {Metcalfe}, N. and {Murowinski},
                 R.~G. and {Crampton}, D.},
        title = "{The Gemini-North Multi-Object Spectrograph: Performance in
                 Imaging, Long-Slit, and Multi-Object Spectroscopic Modes}",
      journal = {\pasp},
     keywords = {Instrumentation: Spectrographs},
         year = 2004,
        month = may,
       volume = {116},
       number = {819},
        pages = {425-440},
          doi = {10.1086/383624},
       adsurl = {https://ui.adsabs.harvard.edu/abs/2004PASP..116..425H},
      adsnote = {Provided by the SAO/NASA Astrophysics Data System}
}

@ARTICLE{howell2007,
       author = {{Howell}, D. Andrew and {Sullivan}, Mark and {Conley}, Alex and
                 {Carlberg}, Ray},
        title = "{Predicted and Observed Evolution in the Mean Properties of
                 Type Ia Supernovae with Redshift}",
      journal = {\apjl},
     keywords = {Cosmology: Cosmological Parameters, Cosmology: Observations,
                 Stars: Supernovae: General, Surveys, Astrophysics},
         year = 2007,
        month = sep,
       volume = {667},
       number = {1},
        pages = {L37-L40},
          doi = {10.1086/522030},
archivePrefix = {arXiv},
       eprint = {astro-ph/0701912},
 primaryClass = {astro-ph},
       adsurl = {https://ui.adsabs.harvard.edu/abs/2007ApJ...667L..37H},
      adsnote = {Provided by the SAO/NASA Astrophysics Data System}
}

% I

@ARTICLE{ivezic2019,
       author = {{Ivezi{\'c}}, {\v{Z}}eljko and {Kahn}, Steven M. and {Tyson},
                 J. Anthony and {Abel}, Bob and {Acosta}, Emily and {Allsman},
                 Robyn and {Alonso}, David and {AlSayyad}, Yusra and {Anderson},
                 Scott F. and {Andrew}, John and {Angel}, James Roger P. and
                 {Angeli}, George Z. and {Ansari}, Reza and {Antilogus}, Pierre
                 and {Araujo}, Constanza and {Armstrong}, Robert and {Arndt},
                 Kirk T. and {Astier}, Pierre and {Aubourg}, {\'E}ric and
                 {Auza}, Nicole and {Axelrod}, Tim S. and {Bard}, Deborah J. and
                 {Barr}, Jeff D. and {Barrau}, Aurelian and {Bartlett}, James G.
                 and {Bauer}, Amanda E. and {Bauman}, Brian J. and {Baumont},
                 Sylvain and {Bechtol}, Ellen and {Bechtol}, Keith and {Becker},
                 Andrew C. and {Becla}, Jacek and {Beldica}, Cristina and
                 {Bellavia}, Steve and {Bianco}, Federica B. and {Biswas}, Rahul
                 and {Blanc}, Guillaume and {Blazek}, Jonathan and {Blandford},
                 Roger D. and {Bloom}, Josh S. and {Bogart}, Joanne and {Bond},
                 Tim W. and {Booth}, Michael T. and {Borgland}, Anders W. and
                 {Borne}, Kirk and {Bosch}, James F. and {Boutigny}, Dominique
                 and {Brackett}, Craig A. and {Bradshaw}, Andrew and {Brandt},
                 William Nielsen and {Brown}, Michael E. and {Bullock}, James S.
                 and {Burchat}, Patricia and {Burke}, David L. and {Cagnoli},
                 Gianpietro and {Calabrese}, Daniel and {Callahan}, Shawn and
                 {Callen}, Alice L. and {Carlin}, Jeffrey L. and {Carlson}, Erin
                 L. and {Chandrasekharan}, Srinivasan and {Charles-Emerson},
                 Glenaver and {Chesley}, Steve and {Cheu}, Elliott C. and
                 {Chiang}, Hsin-Fang and {Chiang}, James and {Chirino}, Carol
                 and {Chow}, Derek and {Ciardi}, David R. and {Claver}, Charles
                 F. and {Cohen-Tanugi}, Johann and {Cockrum}, Joseph J. and
                 {Coles}, Rebecca and {Connolly}, Andrew J. and {Cook}, Kem H.
                 and {Cooray}, Asantha and {Covey}, Kevin R. and {Cribbs}, Chris
                 and {Cui}, Wei and {Cutri}, Roc and {Daly}, Philip N. and
                 {Daniel}, Scott F. and {Daruich}, Felipe and {Daubard},
                 Guillaume and {Daues}, Greg and {Dawson}, William and
                 {Delgado}, Francisco and {Dellapenna}, Alfred and {de Peyster},
                 Robert and {de Val-Borro}, Miguel and {Digel}, Seth W. and
                 {Doherty}, Peter and {Dubois}, Richard and {Dubois-Felsmann},
                 Gregory P. and {Durech}, Josef and {Economou}, Frossie and
                 {Eifler}, Tim and {Eracleous}, Michael and {Emmons}, Benjamin
                 L. and {Fausti Neto}, Angelo and {Ferguson}, Henry and
                 {Figueroa}, Enrique and {Fisher-Levine}, Merlin and {Focke},
                 Warren and {Foss}, Michael D. and {Frank}, James and {Freemon},
                 Michael D. and {Gangler}, Emmanuel and {Gawiser}, Eric and
                 {Geary}, John C. and {Gee}, Perry and {Geha}, Marla and
                 {Gessner}, Charles J.~B. and {Gibson}, Robert R. and {Gilmore},
                 D. Kirk and {Glanzman}, Thomas and {Glick}, William and
                 {Goldina}, Tatiana and {Goldstein}, Daniel A. and {Goodenow},
                 Iain and {Graham}, Melissa L. and {Gressler}, William J. and
                 {Gris}, Philippe and {Guy}, Leanne P. and {Guyonnet}, Augustin
                 and {Haller}, Gunther and {Harris}, Ron and {Hascall}, Patrick
                 A. and {Haupt}, Justine and {Hernandez}, Fabio and {Herrmann},
                 Sven and {Hileman}, Edward and {Hoblitt}, Joshua and {Hodgson},
                 John A. and {Hogan}, Craig and {Howard}, James D. and {Huang},
                 Dajun and {Huffer}, Michael E. and {Ingraham}, Patrick and
                 {Innes}, Walter R. and {Jacoby}, Suzanne H. and {Jain},
                 Bhuvnesh and {Jammes}, Fabrice and {Jee}, M. James and
                 {Jenness}, Tim and {Jernigan}, Garrett and {Jevremovi{\'c}},
                 Darko and {Johns}, Kenneth and {Johnson}, Anthony S. and
                 {Johnson}, Margaret W.~G. and {Jones}, R. Lynne and
                 {Juramy-Gilles}, Claire and {Juri{\'c}}, Mario and {Kalirai},
                 Jason S. and {Kallivayalil}, Nitya J. and {Kalmbach}, Bryce and
                 {Kantor}, Jeffrey P. and {Karst}, Pierre and {Kasliwal}, Mansi
                 M. and {Kelly}, Heather and {Kessler}, Richard and {Kinnison},
                 Veronica and {Kirkby}, David and {Knox}, Lloyd and {Kotov},
                 Ivan V. and {Krabbendam}, Victor L. and {Krughoff}, K. Simon
                 and {Kub{\'a}nek}, Petr and {Kuczewski}, John and {Kulkarni},
                 Shri and {Ku}, John and {Kurita}, Nadine R. and {Lage}, Craig
                 S. and {Lambert}, Ron and {Lange}, Travis and {Langton}, J.
                 Brian and {Le Guillou}, Laurent and {Levine}, Deborah and
                 {Liang}, Ming and {Lim}, Kian-Tat and {Lintott}, Chris J. and
                 {Long}, Kevin E. and {Lopez}, Margaux and {Lotz}, Paul J. and
                 {Lupton}, Robert H. and {Lust}, Nate B. and {MacArthur}, Lauren
                 A. and {Mahabal}, Ashish and {Mandelbaum}, Rachel and
                 {Markiewicz}, Thomas W. and {Marsh}, Darren S. and {Marshall},
                 Philip J. and {Marshall}, Stuart and {May}, Morgan and
                 {McKercher}, Robert and {McQueen}, Michelle and {Meyers},
                 Joshua and {Migliore}, Myriam and {Miller}, Michelle and
                 {Mills}, David J. and {Miraval}, Connor and {Moeyens}, Joachim
                 and {Moolekamp}, Fred E. and {Monet}, David G. and {Moniez},
                 Marc and {Monkewitz}, Serge and {Montgomery}, Christopher and
                 {Morrison}, Christopher B. and {Mueller}, Fritz and {Muller},
                 Gary P. and {Mu{\~n}oz Arancibia}, Freddy and {Neill}, Douglas
                 R. and {Newbry}, Scott P. and {Nief}, Jean-Yves and
                 {Nomerotski}, Andrei and {Nordby}, Martin and {O'Connor}, Paul
                 and {Oliver}, John and {Olivier}, Scot S. and {Olsen}, Knut and
                 {O'Mullane}, William and {Ortiz}, Sandra and {Osier}, Shawn and
                 {Owen}, Russell E. and {Pain}, Reynald and {Palecek}, Paul E.
                 and {Parejko}, John K. and {Parsons}, James B. and {Pease},
                 Nathan M. and {Peterson}, J. Matt and {Peterson}, John R. and
                 {Petravick}, Donald L. and {Libby Petrick}, M.~E. and {Petry},
                 Cathy E. and {Pierfederici}, Francesco and {Pietrowicz},
                 Stephen and {Pike}, Rob and {Pinto}, Philip A. and {Plante},
                 Raymond and {Plate}, Stephen and {Plutchak}, Joel P. and
                 {Price}, Paul A. and {Prouza}, Michael and {Radeka}, Veljko and
                 {Rajagopal}, Jayadev and {Rasmussen}, Andrew P. and {Regnault},
                 Nicolas and {Reil}, Kevin A. and {Reiss}, David J. and
                 {Reuter}, Michael A. and {Ridgway}, Stephen T. and {Riot},
                 Vincent J. and {Ritz}, Steve and {Robinson}, Sean and {Roby},
                 William and {Roodman}, Aaron and {Rosing}, Wayne and
                 {Roucelle}, Cecille and {Rumore}, Matthew R. and {Russo},
                 Stefano and {Saha}, Abhijit and {Sassolas}, Benoit and
                 {Schalk}, Terry L. and {Schellart}, Pim and {Schindler}, Rafe
                 H. and {Schmidt}, Samuel and {Schneider}, Donald P. and
                 {Schneider}, Michael D. and {Schoening}, William and
                 {Schumacher}, German and {Schwamb}, Megan E. and {Sebag},
                 Jacques and {Selvy}, Brian and {Sembroski}, Glenn H. and
                 {Seppala}, Lynn G. and {Serio}, Andrew and {Serrano}, Eduardo
                 and {Shaw}, Richard A. and {Shipsey}, Ian and {Sick}, Jonathan
                 and {Silvestri}, Nicole and {Slater}, Colin T. and {Smith}, J.
                 Allyn and {Smith}, R. Chris and {Sobhani}, Shahram and
                 {Soldahl}, Christine and {Storrie-Lombardi}, Lisa and {Stover},
                 Edward and {Strauss}, Michael A. and {Street}, Rachel A. and
                 {Stubbs}, Christopher W. and {Sullivan}, Ian S. and {Sweeney},
                 Donald and {Swinbank}, John D. and {Szalay}, Alexander and
                 {Takacs}, Peter and {Tether}, Stephen A. and {Thaler}, Jon J.
                 and {Thayer}, John Gregg and {Thomas}, Sandrine and {Thornton},
                 Adam J. and {Thukral}, Vaikunth and {Tice}, Jeffrey and
                 {Trilling}, David E. and {Turri}, Max and {Van Berg}, Richard
                 and {Vanden Berk}, Daniel and {Vetter}, Kurt and {Virieux},
                 Francoise and {Vucina}, Tomislav and {Wahl}, William and
                 {Walkowicz}, Lucianne and {Walsh}, Brian and {Walter},
                 Christopher W. and {Wang}, Daniel L. and {Wang}, Shin-Yawn and
                 {Warner}, Michael and {Wiecha}, Oliver and {Willman}, Beth and
                 {Winters}, Scott E. and {Wittman}, David and {Wolff}, Sidney C.
                 and {Wood-Vasey}, W. Michael and {Wu}, Xiuqin and {Xin}, Bo and
                 {Yoachim}, Peter and {Zhan}, Hu},
        title = "{LSST: From Science Drivers to Reference Design and Anticipated
                 Data Products}",
      journal = {\apj},
     keywords = {astrometry, cosmology: observations, Galaxy: general, methods:
                 observational, stars: general, surveys, Astrophysics},
         year = 2019,
        month = mar,
       volume = {873},
       number = {2},
          eid = {111},
        pages = {111},
          doi = {10.3847/1538-4357/ab042c},
archivePrefix = {arXiv},
       eprint = {0805.2366},
 primaryClass = {astro-ph},
       adsurl = {https://ui.adsabs.harvard.edu/abs/2019ApJ...873..111I},
      adsnote = {Provided by the SAO/NASA Astrophysics Data System},
}

% J

@ARTICLE{jha2006,
       author = {{Jha}, Saurabh and {Kirshner}, Robert P. and {Challis}, Peter
                 and {Garnavich}, Peter M. and {Matheson}, Thomas and
                 {Soderberg}, Alicia M. and {Graves}, Genevieve J.~M. and
                 {Hicken}, Malcolm and {Alves}, Jo{\~a}o F. and {Arce},
                 H{\'e}ctor G. and {Balog}, Zoltan and {Barmby}, Pauline and
                 {Barton}, Elizabeth J. and {Berlind}, Perry and {Bragg}, Ann E.
                 and {Brice{\~n}o}, C{\'e}sar and {Brown}, Warren R. and
                 {Buckley}, James H. and {Caldwell}, Nelson and {Calkins},
                 Michael L. and {Carter}, Barbara J. and {Concannon}, Kristi
                 Dendy and {Donnelly}, R. Hank and {Eriksen}, Kristoffer A. and
                 {Fabricant}, Daniel G. and {Falco}, Emilio E. and {Fiore},
                 Fabrizio and {Garcia}, Michael R. and {G{\'o}mez}, Mercedes and
                 {Grogin}, Norman A. and {Groner}, Ted and {Groot}, Paul J. and
                 {Haisch}, Karl E., Jr. and {Hartmann}, Lee and {Hergenrother},
                 Carl W. and {Holman}, Matthew J. and {Huchra}, John P. and
                 {Jayawardhana}, Ray and {Jerius}, Diab and {Kannappan}, Sheila
                 J. and {Kim}, Dong-Woo and {Kleyna}, Jan T. and {Kochanek},
                 Christopher S. and {Koranyi}, Daniel M. and {Krockenberger},
                 Martin and {Lada}, Charles J. and {Luhman}, Kevin L. and {Luu},
                 Jane X. and {Macri}, Lucas M. and {Mader}, Jeff A. and
                 {Mahdavi}, Andisheh and {Marengo}, Massimo and {Marsden}, Brian
                 G. and {McLeod}, Brian A. and {McNamara}, Brian R. and
                 {Megeath}, S. Thomas and {Moraru}, Dan and {Mossman}, Amy E.
                 and {Muench}, August A. and {Mu{\~n}oz}, Jose A. and
                 {Muzerolle}, James and {Naranjo}, Orlando and {Nelson-Patel},
                 Kristin and {Pahre}, Michael A. and {Patten}, Brian M. and
                 {Peters}, James and {Peters}, Wayne and {Raymond}, John C. and
                 {Rines}, Kenneth and {Schild}, Rudolph E. and {Sobczak},
                 Gregory J. and {Spahr}, Timothy B. and {Stauffer}, John R. and
                 {Stefanik}, Robert P. and {Szentgyorgyi}, Andrew H. and
                 {Tollestrup}, Eric V. and {V{\"a}is{\"a}nen}, Petri and
                 {Vikhlinin}, Alexey and {Wang}, Zhong and {Willner}, S.~P. and
                 {Wolk}, Scott J. and {Zajac}, Joseph M. and {Zhao}, Ping and
                 {Stanek}, Krzysztof Z.},
        title = "{UBVRI Light Curves of 44 Type Ia Supernovae}",
      journal = {\aj},
     keywords = {Stars: Supernovae: General, Techniques: Photometric,
                 Astrophysics},
         year = 2006,
        month = jan,
       volume = {131},
       number = {1},
        pages = {527-554},
          doi = {10.1086/497989},
archivePrefix = {arXiv},
       eprint = {astro-ph/0509234},
 primaryClass = {astro-ph},
       adsurl = {https://ui.adsabs.harvard.edu/abs/2006AJ....131..527J},
      adsnote = {Provided by the SAO/NASA Astrophysics Data System}
}

@ARTICLE{jones2015,
       author = {{Jones}, David O. and {Riess}, Adam G. and {Scolnic}, Daniel
                 M.},
        title = "{Reconsidering the Effects of Local Star Formation on Type Ia
                 Supernova Cosmology}",
      journal = {\apj},
     keywords = {cosmology: observations, distance scale, Astrophysics -
                 Cosmology and Nongalactic Astrophysics},
         year = 2015,
        month = oct,
       volume = {812},
       number = {1},
          eid = {31},
        pages = {31},
          doi = {10.1088/0004-637X/812/1/31},
archivePrefix = {arXiv},
       eprint = {1506.02637},
 primaryClass = {astro-ph.CO},
       adsurl = {https://ui.adsabs.harvard.edu/abs/2015ApJ...812...31J},
      adsnote = {Provided by the SAO/NASA Astrophysics Data System}
}

@ARTICLE{jones2019,
       author = {{Jones}, D.~O. and {Scolnic}, D.~M. and {Foley}, R.~J. and
                 {Rest}, A. and {Kessler}, R. and {Challis}, P.~M. and
                 {Chambers}, K.~C. and {Coulter}, D.~A. and {Dettman}, K.~G. and
                 {Foley}, M.~M. and {Huber}, M.~E. and {Jha}, S.~W. and
                 {Johnson}, E. and {Kilpatrick}, C.~D. and {Kirshner}, R.~P. and
                 {Manuel}, J. and {Narayan}, G. and {Pan}, Y. -C. and {Riess},
                 A.~G. and {Schultz}, A.~S.~B. and {Siebert}, M.~R. and
                 {Berger}, E. and {Chornock}, R. and {Flewelling}, H. and
                 {Magnier}, E.~A. and {Smartt}, S.~J. and {Smith}, K.~W. and
                 {Wainscoat}, R.~J. and {Waters}, C. and {Willman}, M.},
        title = "{The Foundation Supernova Survey: Measuring Cosmological
                 Parameters with Supernovae from a Single Telescope}",
      journal = {\apj},
     keywords = {cosmology: observations, dark energy, supernovae: general,
                 Astrophysics - Cosmology and Nongalactic Astrophysics},
         year = 2019,
        month = aug,
       volume = {881},
       number = {1},
          eid = {19},
        pages = {19},
          doi = {10.3847/1538-4357/ab2bec},
archivePrefix = {arXiv},
       eprint = {1811.09286},
 primaryClass = {astro-ph.CO},
       adsurl = {https://ui.adsabs.harvard.edu/abs/2019ApJ...881...19J},
      adsnote = {Provided by the SAO/NASA Astrophysics Data System}
}

% K

@INPROCEEDINGS{kaiser2010,
       author = {{Kaiser}, Nick and {Burgett}, William and {Chambers}, Ken and
                 {Denneau}, Larry and {Heasley}, Jim and {Jedicke}, Robert and
                 {Magnier}, Eugene and {Morgan}, Jeff and {Onaka}, Peter and
                 {Tonry}, John},
        title = "{The Pan-STARRS wide-field optical/NIR imaging survey}",
    booktitle = {Ground-based and Airborne Telescopes III},
         year = 2010,
       editor = {{Stepp}, Larry M. and {Gilmozzi}, Roberto and {Hall}, Helen
                 J.},
       series = {Society of Photo-Optical Instrumentation Engineers (SPIE)
                 Conference Series},
       volume = {7733},
        month = jul,
          eid = {77330E},
        pages = {77330E},
          doi = {10.1117/12.859188},
       adsurl = {https://ui.adsabs.harvard.edu/abs/2010SPIE.7733E..0EK},
      adsnote = {Provided by the SAO/NASA Astrophysics Data System}
}

@INPROCEEDINGS{kashikawa2000,
       author = {{Kashikawa}, Nobunari and {Inata}, Motoko and {Iye}, Masanori
                 and {Kawabata}, Koji and {Okita}, Kiichi and {Kosugi}, George
                 and {Ohyama}, Youichi and {Sasaki}, Toshiyuki and {Sekiguchi},
                 Kazuhiro and {Takata}, Tadafumi and {Shimizu}, Yasuhiro and
                 {Yoshida}, Michitori and {Aoki}, Kentaro and {Saito}, Yoshihiko
                 and {Asai}, Ryo and {Taguchi}, Hiroko and {Ebizuka}, Noboru and
                 {Ozawa}, Tomohiko and {Yadoumaru}, Yasushi},
        title = "{FOCAS: faint object camera and spectrograph for the Subaru
                 Telescope}",
    booktitle = {Optical and IR Telescope Instrumentation and Detectors},
         year = 2000,
       editor = {{Iye}, Masanori and {Moorwood}, Alan F.},
       series = {Society of Photo-Optical Instrumentation Engineers (SPIE)
                 Conference Series},
       volume = {4008},
        month = aug,
        pages = {104-113},
          doi = {10.1117/12.395414},
       adsurl = {https://ui.adsabs.harvard.edu/abs/2000SPIE.4008..104K},
      adsnote = {Provided by the SAO/NASA Astrophysics Data System}
}

@ARTICLE{kelly2010,
       author = {{Kelly}, Patrick L. and {Hicken}, Malcolm and {Burke}, David L.
                 and {Mandel}, Kaisey S. and {Kirshner}, Robert P.},
        title = "{Hubble Residuals of Nearby Type Ia Supernovae are Correlated
                 with Host Galaxy Masses}",
      journal = {\apj},
     keywords = {supernovae: general, Astrophysics - Cosmology and Nongalactic
                 Astrophysics},
         year = 2010,
        month = jun,
       volume = {715},
       number = {2},
        pages = {743-756},
          doi = {10.1088/0004-637X/715/2/743},
archivePrefix = {arXiv},
       eprint = {0912.0929},
 primaryClass = {astro-ph.CO},
       adsurl = {https://ui.adsabs.harvard.edu/abs/2010ApJ...715..743K},
      adsnote = {Provided by the SAO/NASA Astrophysics Data System}
}

@INPROCEEDINGS{kennicutt1998,
       author = {{Kennicutt}, R.},
        title = "{Emission-Line Diagnostics of Galaxy Evolution with NGST}",
     keywords = {Astrophysics},
    booktitle = {LIA Colloq. 34: The Next Generation Space Telescope: Science
                 Drivers and Technological Challenges},
         year = 1998,
       editor = {{Kaldeich-Sch{\"u}rmann}, B.},
       series = {ESA Special Publication},
       volume = {429},
        month = jul,
        pages = {81},
archivePrefix = {arXiv},
       eprint = {astro-ph/9807188},
 primaryClass = {astro-ph},
       adsurl = {https://ui.adsabs.harvard.edu/abs/1998ESASP.429...81K},
      adsnote = {Provided by the SAO/NASA Astrophysics Data System}
}

@ARTICLE{kessler2009a,
       author = {{Kessler}, Richard and {Bernstein}, Joseph P. and {Cinabro},
                 David and {Dilday}, Benjamin and {Frieman}, Joshua A. and
                 {Jha}, Saurabh and {Kuhlmann}, Stephen and {Miknaitis}, Gajus
                 and {Sako}, Masao and {Taylor}, Matt and {Vanderplas}, Jake},
        title = "{SNANA: A Public Software Package for Supernova Analysis}",
      journal = {\pasp},
     keywords = {Astrophysics - Cosmology and Nongalactic Astrophysics,
                 Astrophysics - Instrumentation and Methods for Astrophysics},
         year = 2009,
        month = sep,
       volume = {121},
       number = {883},
        pages = {1028},
          doi = {10.1086/605984},
archivePrefix = {arXiv},
       eprint = {0908.4280},
 primaryClass = {astro-ph.CO},
       adsurl = {https://ui.adsabs.harvard.edu/abs/2009PASP..121.1028K},
      adsnote = {Provided by the SAO/NASA Astrophysics Data System}
}

@ARTICLE{kessler2009b,
       author = {{Kessler}, Richard and {Becker}, Andrew C. and {Cinabro}, David
                 and {Vanderplas}, Jake and {Frieman}, Joshua A. and {Marriner},
                 John and {Davis}, Tamara M. and {Dilday}, Benjamin and
                 {Holtzman}, Jon and {Jha}, Saurabh W. and {Lampeitl}, Hubert
                 and {Sako}, Masao and {Smith}, Mathew and {Zheng}, Chen and
                 {Nichol}, Robert C. and {Bassett}, Bruce and {Bender}, Ralf and
                 {Depoy}, Darren L. and {Doi}, Mamoru and {Elson}, Ed and
                 {Filippenko}, Alexei V. and {Foley}, Ryan J. and {Garnavich},
                 Peter M. and {Hopp}, Ulrich and {Ihara}, Yutaka and
                 {Ketzeback}, William and {Kollatschny}, W. and {Konishi}, Kohki
                 and {Marshall}, Jennifer L. and {McMillan}, Russet J. and
                 {Miknaitis}, Gajus and {Morokuma}, Tomoki and {M{\"o}rtsell},
                 Edvard and {Pan}, Kaike and {Prieto}, Jose Luis and {Richmond},
                 Michael W. and {Riess}, Adam G. and {Romani}, Roger and
                 {Schneider}, Donald P. and {Sollerman}, Jesper and {Takanashi},
                 Naohiro and {Tokita}, Kouichi and {van der Heyden}, Kurt and
                 {Wheeler}, J.~C. and {Yasuda}, Naoki and {York}, Donald},
        title = "{First-Year Sloan Digital Sky Survey-II Supernova Results:
                 Hubble Diagram and Cosmological Parameters}",
      journal = {\apjs},
     keywords = {cosmological parameters, cosmology: observations, distance
                 scale, methods: data analysis, supernovae: general, surveys,
                 Astrophysics - Cosmology and Nongalactic Astrophysics},
         year = 2009,
        month = nov,
       volume = {185},
       number = {1},
        pages = {32-84},
          doi = {10.1088/0067-0049/185/1/32},
archivePrefix = {arXiv},
       eprint = {0908.4274},
 primaryClass = {astro-ph.CO},
       adsurl = {https://ui.adsabs.harvard.edu/abs/2009ApJS..185...32K},
      adsnote = {Provided by the SAO/NASA Astrophysics Data System}
}

@ARTICLE{kessler2017,
       author = {{Kessler}, R. and {Scolnic}, D.},
        title = "{Correcting Type Ia Supernova Distances for Selection Biases
                 and Contamination in Photometrically Identified Samples}",
      journal = {\apj},
     keywords = {cosmological parameters, supernovae: general, Astrophysics -
                 Cosmology and Nongalactic Astrophysics},
         year = 2017,
        month = feb,
       volume = {836},
       number = {1},
          eid = {56},
        pages = {56},
          doi = {10.3847/1538-4357/836/1/56},
archivePrefix = {arXiv},
       eprint = {1610.04677},
 primaryClass = {astro-ph.CO},
       adsurl = {https://ui.adsabs.harvard.edu/abs/2017ApJ...836...56K},
      adsnote = {Provided by the SAO/NASA Astrophysics Data System}
}

@ARTICLE{kim2018,
       author = {{Kim}, Young-Lo and {Smith}, Mathew and {Sullivan}, Mark and
                 {Lee}, Young-Wook},
        title = "{Environmental Dependence of Type Ia Supernova Luminosities
                 from a Sample without a Local-Global Difference in Host Star
                 Formation}",
      journal = {\apj},
     keywords = {cosmology: observations, distance scale, supernovae: general,
                 Astrophysics - Astrophysics of Galaxies},
         year = 2018,
        month = feb,
       volume = {854},
       number = {1},
          eid = {24},
        pages = {24},
          doi = {10.3847/1538-4357/aaa127},
archivePrefix = {arXiv},
       eprint = {1801.01192},
 primaryClass = {astro-ph.GA},
       adsurl = {https://ui.adsabs.harvard.edu/abs/2018ApJ...854...24K},
      adsnote = {Provided by the SAO/NASA Astrophysics Data System}
}

@article{kim2019,
   author = {"Kim, {Young Lo} and Yijung Kang and Lee, {Young Wook}"},
    title = "{Environmental dependence of type ia supernova luminosities from
             the yonsei supernova catalog}",
 abstract = "{There is evidence that the luminosities of Type Ia supernova (SN
             Ia) depend on their environments. While the impact of this trend on
             estimating cosmological parameters is widely acknowledged, the
             origin of this correlation is still under debate. In order to
             explore this problem, we first construct the YONSEI (YOnsei Nearby
             Supernova Evolution Investigation) SN catalog. The catalog consists
             of 1231 spectroscopically confirmed SNe Ia over a wide redshift
             range (0.01 < z < 1.37) from various SN surveys and includes
             light-curve fit data from two independent light-curve fitters,
             SALT2 and MLCS2k2. For a sample of 674 host galaxies, we use the
             stellar mass and the star formation rate data in Kim et al.
             (2018). We find that SNe Ia in low-mass and star-forming host
             galaxies are 0.062 ± 0.009 mag and 0.057 ± 0.010 mag fainter than
             those in high-mass and passive hosts, after light-curve corrections
             with SALT2 and MLCS2k2, respectively. When only local environments
             of SNe Ia (e.g., locally star-forming and locally passive) are
             considered, this luminosity difference increases to 0.081 ± 0.018
             mag for SALT2 and 0.072 ± 0.018 mag for MLCS2k2. Considering the
             significant difference in the mean stellar population age between
             the two environments, this result suggests that the luminosity
             evolution of SNe Ia with redshift is most likely the origin of the
             environmental dependence.}",
    note  = "{Funding Information: We thank the referees for helpful comments.
             This work was supported by the National Research Foundation of
             Korea through grant programs 2017R1A5A1070354 and 2017R1A2B3002919.
             Y.-L.K. acknowledges support from the European Research Council
             (ERC) under the European Unions Horizon 2020 research and
             innovation programme (grant agreement No. 759194 – USNAC). This
             research has made use of the NASA/IPAC Extragalactic Database
             (NED), which is operated by the Jet Propulsion Laboratory,
             California Institute of Technology, under contract with the
             National Aeronautics and Space Administration. We also utilized the
             HyperLeda database (http://leda.univ-lyon1.fr). Funding
             Information: We thank the referees for helpful comments. This work
             was supported by the National Research Foundation of Korea through
             grant programs 2017R1A5A1070354 and 2017R1A2B3002919. Y.-L.K.
             acknowledges support from the European Research Council (ERC) under
             the European Unions Horizon 2020 research and innovation programme
             (grant agreement No. 759194 - USNAC). This research has made use of
             the NASA/IPAC Extragalactic Database (NED), which is operated by
             the Jet Propulsion Laboratory, California Institute of Technology,
             under contract with the National Aeronautics and Space
             Administration. We also utilized the HyperLeda database
             (http://leda.univ-lyon1.fr). Publisher Copyright: {\textcopyright}
             2019, Korean Astronomical Society. All rights reserved.}",
year      = "2019",
doi       = "10.5303/JKAS.2019.52.5.181",
language  = "English",
volume    = "52",
pages     = "181--205",
journal   = "Journal of the Korean Astronomical Society",
issn      = "1225-4614",
publisher = "Korean Astronomical Society",
number    = "5",
}

@article{knox2020,
  title     = {Hubble constant hunter's guide},
  author    = {Knox, L. and Millea, M.},
  journal   = {Phys. Rev. D},
  volume    = {101},
  issue     = {4},
  pages     = {043533},
  numpages  = {16},
  year      = {2020},
  month     = {Feb},
  publisher = {American Physical Society},
  doi       = {10.1103/PhysRevD.101.043533},
  url       = {https://link.aps.org/doi/10.1103/PhysRevD.101.043533}
}

% L

@INPROCEEDINGS{lantz2004,
       author = {{Lantz}, Blandine and {Aldering}, Greg and {Antilogus}, Pierre
                 and {Bonnaud}, Christophe and {Capoani}, Lionel and {Castera},
                 Alain and {Copin}, Yannick and {Dubet}, Dominique and
                 {Gangler}, Emmanuel and {Henault}, Francois and {Lemonnier},
                 Jean-Pierre and {Pain}, Reynald and {Pecontal}, Arlette and
                 {Pecontal}, Emmanuel and {Smadja}, Gerard},
        title = "{SNIFS: a wideband integral field spectrograph with microlens
                 arrays}",
    booktitle = {Optical Design and Engineering},
         year = 2004,
       editor = {{Mazuray}, Laurent and {Rogers}, Philip J. and {Wartmann},
                 Rolf},
       series = {Society of Photo-Optical Instrumentation Engineers (SPIE)
                 Conference Series},
       volume = {5249},
        month = feb,
        pages = {146-155},
          doi = {10.1117/12.512493},
       adsurl = {https://ui.adsabs.harvard.edu/abs/2004SPIE.5249..146L},
      adsnote = {Provided by the SAO/NASA Astrophysics Data System}
}

@ARTICLE{lampeitl2010,
       author = {{Lampeitl}, Hubert and {Smith}, Mathew and {Nichol}, Robert C.
                 and {Bassett}, Bruce and {Cinabro}, David and {Dilday},
                 Benjamin and {Foley}, Ryan J. and {Frieman}, Joshua A. and
                 {Garnavich}, Peter M. and {Goobar}, Ariel and {Im}, Myungshin
                 and {Jha}, Saurabh W. and {Marriner}, John and {Miquel}, Ramon
                 and {Nordin}, Jakob and {{\"O}stman}, Linda and {Riess}, Adam
                 G. and {Sako}, Masao and {Schneider}, Donald P. and
                 {Sollerman}, Jesper and {Stritzinger}, Maximilian},
        title = "{The Effect of Host Galaxies on Type Ia Supernovae in the
                 SDSS-II Supernova Survey}",
      journal = {\apj},
     keywords = {distance scale, galaxies: fundamental parameters, supernovae:
                 general, Astrophysics - Cosmology and Nongalactic
                 Astrophysics},
         year = 2010,
        month = oct,
       volume = {722},
       number = {1},
        pages = {566-576},
          doi = {10.1088/0004-637X/722/1/566},
archivePrefix = {arXiv},
       eprint = {1005.4687},
 primaryClass = {astro-ph.CO},
       adsurl = {https://ui.adsabs.harvard.edu/abs/2010ApJ...722..566L},
      adsnote = {Provided by the SAO/NASA Astrophysics Data System}
}

@ARTICLE{law2009,
       author = {{Law}, Nicholas M. and {Kulkarni}, Shrinivas R. and {Dekany},
                 Richard G. and {Ofek}, Eran O. and {Quimby}, Robert M. and
                 {Nugent}, Peter E. and {Surace}, Jason and {Grillmair}, Carl C.
                 and {Bloom}, Joshua S. and {Kasliwal}, Mansi M. and {Bildsten},
                 Lars and {Brown}, Tim and {Cenko}, S. Bradley and {Ciardi},
                 David and {Croner}, Ernest and {Djorgovski}, S. George and {van
                 Eyken}, Julian and {Filippenko}, Alexei V. and {Fox}, Derek B.
and {Gal-Yam}, Avishay and {Hale}, David and {Hamam}, Nouhad and {Helou}, George
and {Henning}, John and {Howell}, D. Andrew and {Jacobsen}, Janet and {Laher},
Russ and {Mattingly}, Sean and {McKenna}, Dan and {Pickles}, Andrew and
{Poznanski}, Dovi and {Rahmer}, Gustavo and {Rau}, Arne and {Rosing}, Wayne and
{Shara}, Michael and {Smith}, Roger and {Starr}, Dan and {Sullivan}, Mark and
{Velur}, Viswa and {Walters}, Richard and {Zolkower}, Jeff},
        title = "{The Palomar Transient Factory: System Overview, Performance,
                 and First Results}",
      journal = {\pasp},
     keywords = {Astrophysics - Instrumentation and Methods for Astrophysics,
                 Astrophysics - Cosmology and Nongalactic Astrophysics},
         year = 2009,
        month = dec,
       volume = {121},
       number = {886},
        pages = {1395},
          doi = {10.1086/648598},
archivePrefix = {arXiv},
       eprint = {0906.5350},
 primaryClass = {astro-ph.IM},
       adsurl = {https://ui.adsabs.harvard.edu/abs/2009PASP..121.1395L},
      adsnote = {Provided by the SAO/NASA Astrophysics Data System}
}

% M

@ARTICLE{madau2015,
       author = {{Madau}, Piero and {Dickinson}, Mark},
        title = "{Cosmic Star-Formation History}",
      journal = {\araa},
     keywords = {Astrophysics - Cosmology and Nongalactic Astrophysics},
         year = 2014,
        month = aug,
       volume = {52},
        pages = {415-486},
          doi = {10.1146/annurev-astro-081811-125615},
archivePrefix = {arXiv},
       eprint = {1403.0007},
 primaryClass = {astro-ph.CO},
       adsurl = {https://ui.adsabs.harvard.edu/abs/2014ARA&A..52..415M},
      adsnote = {Provided by the SAO/NASA Astrophysics Data System}
}

@ARTICLE{mannucci2005,
       author = {{Mannucci}, F. and {Della Valle}, M. and {Panagia}, N. and
                 {Cappellaro}, E. and {Cresci}, G. and {Maiolino}, R. and
                 {Petrosian}, A. and {Turatto}, M.},
        title = "{The supernova rate per unit mass}",
      journal = {\aap},
     keywords = {stars: supernovae: general, infrared: galaxies, Astrophysics},
         year = 2005,
        month = apr,
       volume = {433},
       number = {3},
        pages = {807-814},
          doi = {10.1051/0004-6361:20041411},
archivePrefix = {arXiv},
       eprint = {astro-ph/0411450},
 primaryClass = {astro-ph},
       adsurl = {https://ui.adsabs.harvard.edu/abs/2005A&A...433..807M},
      adsnote = {Provided by the SAO/NASA Astrophysics Data System}
}

@ARTICLE{mannucci2006,
       author = {{Mannucci}, F. and {Della Valle}, M. and {Panagia}, N.},
        title = "{Two populations of progenitors for Type Ia supernovae?}",
      journal = {\mnras},
     keywords = {supernovae: general: white dwarfs: galaxies: abundances,
                 supernovae: general, white dwarfs, galaxies: abundances,
                 Astrophysics},
         year = 2006,
        month = aug,
       volume = {370},
       number = {2},
        pages = {773-783},
          doi = {10.1111/j.1365-2966.2006.10501.x},
archivePrefix = {arXiv},
       eprint = {astro-ph/0510315},
 primaryClass = {astro-ph},
       adsurl = {https://ui.adsabs.harvard.edu/abs/2006MNRAS.370..773M},
      adsnote = {Provided by the SAO/NASA Astrophysics Data System}
}

@ARTICLE{maoz2012,
       author = {{Maoz}, D. and {Mannucci}, F.},
        title = "{Type-Ia Supernova Rates and the Progenitor Problem: A
                 Review}",
      journal = {\pasa},
     keywords = {supernovae: white dwarfs, Astrophysics - Cosmology and
                 Nongalactic Astrophysics},
         year = 2012,
        month = jan,
       volume = {29},
       number = {4},
        pages = {447-465},
          doi = {10.1071/AS11052},
archivePrefix = {arXiv},
       eprint = {1111.4492},
 primaryClass = {astro-ph.CO},
       adsurl = {https://ui.adsabs.harvard.edu/abs/2012PASA...29..447M},
      adsnote = {Provided by the SAO/NASA Astrophysics Data System}
}

@ARTICLE{maoz2014,
       author = {{Maoz}, Dan and {Mannucci}, Filippo and {Nelemans}, Gijs},
        title = "{Observational Clues to the Progenitors of Type Ia
                 Supernovae}",
      journal = {\araa},
     keywords = {Astrophysics - Cosmology and Nongalactic Astrophysics,
                 Astrophysics - High Energy Astrophysical Phenomena},
         year = 2014,
        month = aug,
       volume = {52},
        pages = {107-170},
          doi = {10.1146/annurev-astro-082812-141031},
archivePrefix = {arXiv},
       eprint = {1312.0628},
 primaryClass = {astro-ph.CO},
       adsurl = {https://ui.adsabs.harvard.edu/abs/2014ARA&A..52..107M},
      adsnote = {Provided by the SAO/NASA Astrophysics Data System}
}

@INPROCEEDINGS{marshall2008,
       author = {{Marshall}, J.~L. and {Burles}, Scott and {Thompson}, Ian B.
                 and {Shectman}, Stephen A. and {Bigelow}, Bruce C. and
                 {Burley}, Gregory and {Birk}, Christoph and {Estrada}, Jorge
                 and {Jones}, Patricio and {Smith}, Matthew and {Kowal}, Vince
                 and {Castillo}, Jerson and {Storts}, Robert and {Ortiz}, Greg},
        title = "{The MagE spectrograph}",
     keywords = {Astrophysics},
    booktitle = {Ground-based and Airborne Instrumentation for Astronomy II},
         year = 2008,
       editor = {{McLean}, Ian S. and {Casali}, Mark M.},
       series = {Society of Photo-Optical Instrumentation Engineers (SPIE)
                 Conference Series},
       volume = {7014},
        month = jul,
          eid = {701454},
        pages = {701454},
          doi = {10.1117/12.789972},
archivePrefix = {arXiv},
       eprint = {0807.3774},
 primaryClass = {astro-ph},
       adsurl = {https://ui.adsabs.harvard.edu/abs/2008SPIE.7014E..54M},
      adsnote = {Provided by the SAO/NASA Astrophysics Data System}
}

% N

@ARTICLE{neill2006,
       author = {{Neill}, J.~D. and {Sullivan}, M. and {Balam}, D. and
                 {Pritchet}, C.~J. and {Howell}, D.~A. and {Perrett}, K. and
                 {Astier}, P. and {Aubourg}, E. and {Basa}, S. and {Carlberg},
                 R.~G. and {Conley}, A. and {Fabbro}, S. and {Fouchez}, D. and
                 {Guy}, J. and {Hook}, I. and {Pain}, R. and
                 {Palanque-Delabrouille}, N. and {Regnault}, N. and {Rich}, J.
                 and {Taillet}, R. and {Aldering}, G. and {Antilogus}, P. and
                 {Arsenijevic}, V. and {Balland}, C. and {Baumont}, S. and
                 {Bronder}, J. and {Ellis}, R.~S. and {Filiol}, M. and
                 {Gon{\c{c}}alves}, A.~C. and {Hardin}, D. and {Kowalski}, M.
                 and {Lidman}, C. and {Lusset}, V. and {Mouchet}, M. and
                 {Mourao}, A. and {Perlmutter}, S. and {Ripoche}, P. and
                 {Schlegel}, D. and {Tao}, C.},
        title = "{The Type Ia Supernova Rate at
                 z\raisebox{-0.5ex}\textasciitilde0.5 from the Supernova Legacy
                 Survey}",
      journal = {\aj},
     keywords = {Galaxies: Evolution, Galaxies: High-Redshift, Stars:
                 Supernovae: General, Astrophysics},
         year = 2006,
        month = sep,
       volume = {132},
       number = {3},
        pages = {1126-1145},
          doi = {10.1086/505532},
archivePrefix = {arXiv},
       eprint = {astro-ph/0605148},
 primaryClass = {astro-ph},
       adsurl = {https://ui.adsabs.harvard.edu/abs/2006AJ....132.1126N},
      adsnote = {Provided by the SAO/NASA Astrophysics Data System}
}


@ARTICLE{neill2009,
       author = {{Neill}, James D. and {Sullivan}, Mark and {Howell}, D. Andrew
                 and {Conley}, Alex and {Seibert}, Mark and {Martin}, D.
                 Christopher and {Barlow}, Tom A. and {Foster}, Karl and
                 {Friedman}, Peter G. and {Morrissey}, Patrick and {Neff}, Susan
                 G. and {Schiminovich}, David and {Wyder}, Ted K. and {Bianchi},
                 Luciana and {Donas}, Jos{\'e} and {Heckman}, Timothy M. and
                 {Lee}, Young-Wook and {Madore}, Barry F. and {Milliard}, Bruno
                 and {Rich}, R. Michael and {Szalay}, Alex S.},
        title = "{The Local Hosts of Type Ia Supernovae}",
      journal = {\apj},
     keywords = {galaxies: evolution, supernovae: general, Astrophysics -
                 Cosmology and Nongalactic Astrophysics, Astrophysics -
                 Astrophysics of Galaxies},
         year = 2009,
        month = dec,
       volume = {707},
       number = {2},
        pages = {1449-1465},
          doi = {10.1088/0004-637X/707/2/1449},
archivePrefix = {arXiv},
       eprint = {0911.0690},
 primaryClass = {astro-ph.CO},
       adsurl = {https://ui.adsabs.harvard.edu/abs/2009ApJ...707.1449N},
      adsnote = {Provided by the SAO/NASA Astrophysics Data System}
}

@ARTICLE{nordin2018,
       author = {{Nordin}, J. and {Aldering}, G. and {Antilogus}, P. and
                 {Aragon}, C. and {Bailey}, S. and {Baltay}, C. and {Barbary},
                 K. and {Bongard}, S. and {Boone}, K. and {Brinnel}, V. and
                 {Buton}, C. and {Childress}, M. and {Chotard}, N. and {Copin},
                 Y. and {Dixon}, S. and {Fagrelius}, P. and {Feindt}, U. and
                 {Fouchez}, D. and {Gangler}, E. and {Hayden}, B. and
                 {Hillebrandt}, W. and {Kim}, A. and {Kowalski}, M. and
                 {Kuesters}, D. and {Leget}, P. -F. and {Lombardo}, S. and
                 {Lin}, Q. and {Pain}, R. and {Pecontal}, E. and {Pereira}, R.
                 and {Perlmutter}, S. and {Rabinowitz}, D. and {Rigault}, M. and
                 {Runge}, K. and {Rubin}, D. and {Saunders}, C. and {Smadja}, G.
                 and {Sofiatti}, C. and {Suzuki}, N. and {Taubenberger}, S. and
                 {Tao}, C. and {Thomas}, R.~C. and {Nearby Supernova Factory}},
        title = "{Understanding type Ia supernovae through their U-band
                 spectra}",
      journal = {\aap},
     keywords = {supernovae: general, cosmology: observations, dark energy,
                 Astrophysics - High Energy Astrophysical Phenomena,
                 Astrophysics - Solar and Stellar Astrophysics},
         year = 2018,
        month = jun,
       volume = {614},
          eid = {A71},
        pages = {A71},
          doi = {10.1051/0004-6361/201732137},
archivePrefix = {arXiv},
       eprint = {1801.01834},
 primaryClass = {astro-ph.HE},
       adsurl = {https://ui.adsabs.harvard.edu/abs/2018A&A...614A..71N},
      adsnote = {Provided by the SAO/NASA Astrophysics Data System}
}

% O

@ARTICLE{oke1995,
       author = {{Oke}, J.~B. and {Cohen}, J.~G. and {Carr}, M. and {Cromer}, J.
                 and {Dingizian}, A. and {Harris}, F.~H. and {Labrecque}, S. and
                 {Lucinio}, R. and {Schaal}, W. and {Epps}, H. and {Miller},
                 J.},
        title = "{The Keck Low-Resolution Imaging Spectrometer}",
      journal = {\pasp},
     keywords = {INSTRUMENTATION: SPECTROGRAPHS},
         year = 1995,
        month = apr,
       volume = {107},
        pages = {375},
          doi = {10.1086/133562},
       adsurl = {https://ui.adsabs.harvard.edu/abs/1995PASP..107..375O},
      adsnote = {Provided by the SAO/NASA Astrophysics Data System}
}

% P

@ARTICLE{pan2014,
       author = {{Pan}, Y. -C. and {Sullivan}, M. and {Maguire}, K. and {Hook},
                 I.~M. and {Nugent}, P.~E. and {Howell}, D.~A. and {Arcavi}, I.
                 and {Botyanszki}, J. and {Cenko}, S.~B. and {DeRose}, J. and
                 {Fakhouri}, H.~K. and {Gal-Yam}, A. and {Hsiao}, E. and
                 {Kulkarni}, S.~R. and {Laher}, R.~R. and {Lidman}, C. and
                 {Nordin}, J. and {Walker}, E.~S. and {Xu}, D.},
        title = "{The host galaxies of Type Ia supernovae discovered by the
                 Palomar Transient Factory}",
      journal = {\mnras},
     keywords = {supernovae: general, cosmology: observations, distance scale,
                 Astrophysics - Cosmology and Nongalactic Astrophysics,
                 Astrophysics - Solar and Stellar Astrophysics},
         year = 2014,
        month = feb,
       volume = {438},
       number = {2},
        pages = {1391-1416},
          doi = {10.1093/mnras/stt2287},
archivePrefix = {arXiv},
       eprint = {1311.6344},
 primaryClass = {astro-ph.CO},
       adsurl = {https://ui.adsabs.harvard.edu/abs/2014MNRAS.438.1391P},
      adsnote = {Provided by the SAO/NASA Astrophysics Data System}
}


@ARTICLE{perlmutter1999,
       author = {{Perlmutter}, S. and {Aldering}, G. and {Goldhaber}, G. and {Knop}, R.~A. and {Nugent}, P. and {Castro}, P.~G. and {Deustua}, S. and {Fabbro}, S. and {Goobar}, A. and {Groom}, D.~E. and {Hook}, I.~M. and {Kim}, A.~G. and {Kim}, M.~Y. and {Lee}, J.~C. and {Nunes}, N.~J. and {Pain}, R. and {Pennypacker}, C.~R. and {Quimby}, R. and {Lidman}, C. and {Ellis}, R.~S. and {Irwin}, M. and {McMahon}, R.~G. and {Ruiz-Lapuente}, P. and {Walton}, N. and {Schaefer}, B. and {Boyle}, B.~J. and {Filippenko}, A.~V. and {Matheson}, T. and {Fruchter}, A.~S. and {Panagia}, N. and {Newberg}, H.~J.~M. and {Couch}, W.~J. and {Project}, The Supernova Cosmology},
        title = "{Measurements of {\ensuremath{\Omega}} and {\ensuremath{\Lambda}} from 42 High-Redshift Supernovae}",
      journal = {\apj},
     keywords = {COSMOLOGY: OBSERVATIONS, COSMOLOGY: DISTANCE SCALE, STARS: SUPERNOVAE: GENERAL, Cosmology: Observations, Cosmology: Distance Scale, Stars: Supernovae: General, Astrophysics, High Energy Physics - Experiment, High Energy Physics - Phenomenology},
         year = 1999,
        month = jun,
       volume = {517},
       number = {2},
        pages = {565-586},
          doi = {10.1086/307221},
archivePrefix = {arXiv},
       eprint = {astro-ph/9812133},
 primaryClass = {astro-ph},
       adsurl = {https://ui.adsabs.harvard.edu/abs/1999ApJ...517..565P},
      adsnote = {Provided by the SAO/NASA Astrophysics Data System}
}
@ARTICLE{perrett2010,
       author = {{Perrett}, K. and {Balam}, D. and {Sullivan}, M. and
                 {Pritchet}, C. and {Conley}, A. and {Carlberg}, R. and
                 {Astier}, P. and {Balland}, C. and {Basa}, S. and {Fouchez}, D.
                 and {Guy}, J. and {Hardin}, D. and {Hook}, I.~M. and {Howell},
                 D.~A. and {Pain}, R. and {Regnault}, N.},
        title = "{Real-time Analysis and Selection Biases in the Supernova
                 Legacy Survey}",
      journal = {\aj},
     keywords = {cosmology: observations, methods: data analysis, supernovae:
                 general, surveys, techniques: photometric, Astrophysics -
                 Cosmology and Nongalactic Astrophysics},
         year = 2010,
        month = aug,
       volume = {140},
       number = {2},
        pages = {518-532},
          doi = {10.1088/0004-6256/140/2/518},
archivePrefix = {arXiv},
       eprint = {1006.2254},
 primaryClass = {astro-ph.CO},
       adsurl = {https://ui.adsabs.harvard.edu/abs/2010AJ....140..518P},
      adsnote = {Provided by the SAO/NASA Astrophysics Data System}
}


@ARTICLE{phillips1993,
       author = {{Phillips}, M.~M.},
        title = "{The Absolute Magnitudes of Type IA Supernovae}",
      journal = {\apjl},
     keywords = {Light Curve, Stellar Magnitude, Supernovae, White Dwarf Stars, Astronomical Photometry, Brightness Distribution, Stellar Luminosity, Astrophysics, COSMOLOGY: DISTANCE SCALE, STARS: SUPERNOVAE: GENERAL},
         year = 1993,
        month = aug,
       volume = {413},
        pages = {L105},
          doi = {10.1086/186970},
       adsurl = {https://ui.adsabs.harvard.edu/abs/1993ApJ...413L.105P},
      adsnote = {Provided by the SAO/NASA Astrophysics Data System}
}
@ARTICLE{planck2018,
       author = {{Planck Collaboration} and {Aghanim}, N. and {Akrami}, Y. and
                 {Ashdown}, M. and {Aumont}, J. and {Baccigalupi}, C. and
                 {Ballardini}, M. and {Banday}, A.~J. and {Barreiro}, R.~B. and
                 {Bartolo}, N. and {Basak}, S. and {Battye}, R. and {Benabed},
                 K. and {Bernard}, J. -P. and {Bersanelli}, M. and {Bielewicz},
                 P. and {Bock}, J.~J. and {Bond}, J.~R. and {Borrill}, J. and
                 {Bouchet}, F.~R. and {Boulanger}, F. and {Bucher}, M. and
                 {Burigana}, C. and {Butler}, R.~C. and {Calabrese}, E. and
                 {Cardoso}, J. -F. and {Carron}, J. and {Challinor}, A. and
                 {Chiang}, H.~C. and {Chluba}, J. and {Colombo}, L.~P.~L. and
                 {Combet}, C. and {Contreras}, D. and {Crill}, B.~P. and
                 {Cuttaia}, F. and {de Bernardis}, P. and {de Zotti}, G. and
                 {Delabrouille}, J. and {Delouis}, J. -M. and {Di Valentino}, E.
                 and {Diego}, J.~M. and {Dor{\'e}}, O. and {Douspis}, M. and
                 {Ducout}, A. and {Dupac}, X. and {Dusini}, S. and {Efstathiou},
                 G. and {Elsner}, F. and {En{\ss}lin}, T.~A. and {Eriksen},
                 H.~K. and {Fantaye}, Y. and {Farhang}, M. and {Fergusson}, J.
                 and {Fernandez-Cobos}, R. and {Finelli}, F. and {Forastieri},
                 F. and {Frailis}, M. and {Fraisse}, A.~A. and {Franceschi}, E.
                 and {Frolov}, A. and {Galeotta}, S. and {Galli}, S. and
                 {Ganga}, K. and {G{\'e}nova-Santos}, R.~T. and {Gerbino}, M.
                 and {Ghosh}, T. and {Gonz{\'a}lez-Nuevo}, J. and {G{\'o}rski},
                 K.~M. and {Gratton}, S. and {Gruppuso}, A. and {Gudmundsson},
                 J.~E. and {Hamann}, J. and {Handley}, W. and {Hansen}, F.~K.
                 and {Herranz}, D. and {Hildebrandt}, S.~R. and {Hivon}, E. and
                 {Huang}, Z. and {Jaffe}, A.~H. and {Jones}, W.~C. and
                 {Karakci}, A. and {Keih{\"a}nen}, E. and {Keskitalo}, R. and
                 {Kiiveri}, K. and {Kim}, J. and {Kisner}, T.~S. and {Knox}, L.
                 and {Krachmalnicoff}, N. and {Kunz}, M. and {Kurki-Suonio}, H.
                 and {Lagache}, G. and {Lamarre}, J. -M. and {Lasenby}, A. and
                 {Lattanzi}, M. and {Lawrence}, C.~R. and {Le Jeune}, M. and
                 {Lemos}, P. and {Lesgourgues}, J. and {Levrier}, F. and
                 {Lewis}, A. and {Liguori}, M. and {Lilje}, P.~B. and {Lilley},
                 M. and {Lindholm}, V. and {L{\'o}pez-Caniego}, M. and {Lubin},
                 P.~M. and {Ma}, Y. -Z. and {Mac{\'\i}as-P{\'e}rez}, J.~F. and
                 {Maggio}, G. and {Maino}, D. and {Mandolesi}, N. and
                 {Mangilli}, A. and {Marcos-Caballero}, A. and {Maris}, M. and
                 {Martin}, P.~G. and {Martinelli}, M. and
                 {Mart{\'\i}nez-Gonz{\'a}lez}, E. and {Matarrese}, S. and
                 {Mauri}, N. and {McEwen}, J.~D. and {Meinhold}, P.~R. and
                 {Melchiorri}, A. and {Mennella}, A. and {Migliaccio}, M. and
                 {Millea}, M. and {Mitra}, S. and {Miville-Desch{\^e}nes}, M.
                 -A. and {Molinari}, D. and {Montier}, L. and {Morgante}, G. and
                 {Moss}, A. and {Natoli}, P. and {N{\o}rgaard-Nielsen}, H.~U.
                 and {Pagano}, L. and {Paoletti}, D. and {Partridge}, B. and
                 {Patanchon}, G. and {Peiris}, H.~V. and {Perrotta}, F. and
                 {Pettorino}, V. and {Piacentini}, F. and {Polastri}, L. and
                 {Polenta}, G. and {Puget}, J. -L. and {Rachen}, J.~P. and
                 {Reinecke}, M. and {Remazeilles}, M. and {Renzi}, A. and
                 {Rocha}, G. and {Rosset}, C. and {Roudier}, G. and
                 {Rubi{\~n}o-Mart{\'\i}n}, J.~A. and {Ruiz-Granados}, B. and
                 {Salvati}, L. and {Sandri}, M. and {Savelainen}, M. and
                 {Scott}, D. and {Shellard}, E.~P.~S. and {Sirignano}, C. and
                 {Sirri}, G. and {Spencer}, L.~D. and {Sunyaev}, R. and
                 {Suur-Uski}, A. -S. and {Tauber}, J.~A. and {Tavagnacco}, D.
                 and {Tenti}, M. and {Toffolatti}, L. and {Tomasi}, M. and
                 {Trombetti}, T. and {Valenziano}, L. and {Valiviita}, J. and
                 {Van Tent}, B. and {Vibert}, L. and {Vielva}, P. and {Villa},
                 F. and {Vittorio}, N. and {Wandelt}, B.~D. and {Wehus}, I.~K.
                 and {White}, M. and {White}, S.~D.~M. and {Zacchei}, A. and
                 {Zonca}, A.},
        title = "{Planck 2018 results. VI. Cosmological parameters}",
      journal = {\aap},
     keywords = {cosmic background radiation, cosmological parameters,
                 Astrophysics - Cosmology and Nongalactic Astrophysics},
         year = 2020,
        month = sep,
       volume = {641},
          eid = {A6},
        pages = {A6},
          doi = {10.1051/0004-6361/201833910},
archivePrefix = {arXiv},
       eprint = {1807.06209},
 primaryClass = {astro-ph.CO},
       adsurl = {https://ui.adsabs.harvard.edu/abs/2020A&A...641A...6P},
      adsnote = {Provided by the SAO/NASA Astrophysics Data System}
}

% Q

% R

@INPROCEEDINGS{rabinowitz2003,
       author = {{Rabinowitz}, D. and {Baltay}, C. and {Emmet}, W. and
                 {Hurteau}, T. and {Snyder}, J. and {Andrews}, P. and {Ellman},
                 N. and {Morgan}, N. and {Bauer}, A. and {Musser}, J. and
                 {Gebhard}, M. and {Adams}, G. and {Djorgovski}, G. and
                 {Mahabal}, A. and {Graham}, M. and {Bogosavljevic}, M. and
                 {Williams}, R. and {Brucato}, R. and {Thicksten}, R.},
        title = "{The Palomar-QUEST large-area CCD camera}",
    booktitle = {American Astronomical Society Meeting Abstracts},
         year = 2003,
       series = {American Astronomical Society Meeting Abstracts},
       volume = {203},
        month = dec,
          eid = {38.12},
        pages = {38.12},
       adsurl = {https://ui.adsabs.harvard.edu/abs/2003AAS...203.3812R},
      adsnote = {Provided by the SAO/NASA Astrophysics Data System}
}

@ARTICLE{reid2019,
       author = {{Reid}, M.~J. and {Pesce}, D.~W. and {Riess}, A.~G.},
        title = "{An Improved Distance to NGC 4258 and Its Implications for the Hubble Constant}",
      journal = {\apjl},
     keywords = {Observational cosmology, Galaxy distances, 1146, 590, Astrophysics - Astrophysics of Galaxies, Astrophysics - Cosmology and Nongalactic Astrophysics},
         year = 2019,
        month = dec,
       volume = {886},
       number = {2},
          eid = {L27},
        pages = {L27},
          doi = {10.3847/2041-8213/ab552d},
archivePrefix = {arXiv},
       eprint = {1908.05625},
 primaryClass = {astro-ph.GA},
       adsurl = {https://ui.adsabs.harvard.edu/abs/2019ApJ...886L..27R},
      adsnote = {Provided by the SAO/NASA Astrophysics Data System}
}
@ARTICLE{rest2014,
       author = {{Rest}, A. and {Scolnic}, D. and {Foley}, R.~J. and {Huber},
                 M.~E. and {Chornock}, R. and {Narayan}, G. and {Tonry}, J.~L.
                 and {Berger}, E. and {Soderberg}, A.~M. and {Stubbs}, C.~W. and
                 {Riess}, A. and {Kirshner}, R.~P. and {Smartt}, S.~J. and
                 {Schlafly}, E. and {Rodney}, S. and {Botticella}, M.~T. and
                 {Brout}, D. and {Challis}, P. and {Czekala}, I. and {Drout}, M.
                 and {Hudson}, M.~J. and {Kotak}, R. and {Leibler}, C. and
                 {Lunnan}, R. and {Marion}, G.~H. and {McCrum}, M. and
                 {Milisavljevic}, D. and {Pastorello}, A. and {Sanders}, N.~E.
                 and {Smith}, K. and {Stafford}, E. and {Thilker}, D. and
                 {Valenti}, S. and {Wood-Vasey}, W.~M. and {Zheng}, Z. and
                 {Burgett}, W.~S. and {Chambers}, K.~C. and {Denneau}, L. and
                 {Draper}, P.~W. and {Flewelling}, H. and {Hodapp}, K.~W. and
                 {Kaiser}, N. and {Kudritzki}, R. -P. and {Magnier}, E.~A. and
                 {Metcalfe}, N. and {Price}, P.~A. and {Sweeney}, W. and
                 {Wainscoat}, R. and {Waters}, C.},
        title = "{Cosmological Constraints from Measurements of Type Ia
                 Supernovae Discovered during the First 1.5 yr of the
                 Pan-STARRS1 Survey}",
      journal = {\apj},
     keywords = {cosmological parameters, cosmology: observations, dark energy,
                 supernovae: general, Astrophysics - Cosmology and Nongalactic
                 Astrophysics},
         year = 2014,
        month = nov,
       volume = {795},
       number = {1},
          eid = {44},
        pages = {44},
          doi = {10.1088/0004-637X/795/1/44},
archivePrefix = {arXiv},
       eprint = {1310.3828},
 primaryClass = {astro-ph.CO},
       adsurl = {https://ui.adsabs.harvard.edu/abs/2014ApJ...795...44R},
      adsnote = {Provided by the SAO/NASA Astrophysics Data System}
}

@ARTICLE{riess1998,
       author = {{Riess}, Adam G. and {Filippenko}, Alexei V. and {Challis},
                 Peter and {Clocchiatti}, Alejandro and {Diercks}, Alan and
                 {Garnavich}, Peter M. and {Gilliland}, Ron L. and {Hogan},
                 Craig J. and {Jha}, Saurabh and {Kirshner}, Robert P. and
                 {Leibundgut}, B. and {Phillips}, M.~M. and {Reiss}, David and
                 {Schmidt}, Brian P. and {Schommer}, Robert A. and {Smith}, R.
                 Chris and {Spyromilio}, J. and {Stubbs}, Christopher and
                 {Suntzeff}, Nicholas B. and {Tonry}, John},
        title = "{Observational Evidence from Supernovae for an Accelerating
                 Universe and a Cosmological Constant}",
      journal = {\aj},
     keywords = {COSMOLOGY: OBSERVATIONS, STARS: SUPERNOVAE: GENERAL, Astrophysics},
         year = 1998,
        month = sep,
       volume = {116},
       number = {3},
        pages = {1009-1038},
          doi = {10.1086/300499},
archivePrefix = {arXiv},
       eprint = {astro-ph/9805201},
 primaryClass = {astro-ph},
       adsurl = {https://ui.adsabs.harvard.edu/abs/1998AJ....116.1009R},
      adsnote = {Provided by the SAO/NASA Astrophysics Data System}
}
@ARTICLE{riess2009,
       author = {{Riess}, Adam G. and {Macri}, Lucas and {Casertano}, Stefano
                 and {Sosey}, Megan and {Lampeitl}, Hubert and {Ferguson}, Henry
                 C. and {Filippenko}, Alexei V. and {Jha}, Saurabh W. and {Li},
                 Weidong and {Chornock}, Ryan and {Sarkar}, Devdeep},
        title = "{A Redetermination of the Hubble Constant with the Hubble Space
                 Telescope from a Differential Distance Ladder}",
      journal = {\apj},
     keywords = {cosmology: observations, distance scale, galaxies: distances
                 and redshifts, supernovae: general, Astrophysics - Cosmology
                 and Extragalactic Astrophysics},
         year = 2009,
        month = jul,
       volume = {699},
       number = {1},
        pages = {539-563},
          doi = {10.1088/0004-637X/699/1/539},
archivePrefix = {arXiv},
       eprint = {0905.0695},
 primaryClass = {astro-ph.CO},
       adsurl = {https://ui.adsabs.harvard.edu/abs/2009ApJ...699..539R},
      adsnote = {Provided by the SAO/NASA Astrophysics Data System}
}

@ARTICLE{riess1999,
       author = {{Riess}, Adam G. and {Kirshner}, Robert P. and {Schmidt}, Brian
                 P. and {Jha}, Saurabh and {Challis}, Peter and {Garnavich},
                 Peter M. and {Esin}, Ann A. and {Carpenter}, Chris and
                 {Grashius}, Randy and {Schild}, Rudolph E. and {Berlind}, Perry
                 L. and {Huchra}, John P. and {Prosser}, Charles F. and {Falco},
                 Emilio E. and {Benson}, Priscilla J. and {Brice{\~n}o},
                 C{\'e}sar and {Brown}, Warren R. and {Caldwell}, Nelson and
                 {dell'Antonio}, Ian P. and {Filippenko}, Alexei V. and
                 {Goodman}, Alyssa A. and {Grogin}, Norman A. and {Groner}, Ted
                 and {Hughes}, John P. and {Green}, Paul J. and {Jansen}, Rolf
                 A. and {Kleyna}, Jan T. and {Luu}, Jane X. and {Macri}, Lucas
                 M. and {McLeod}, Brian A. and {McLeod}, Kim K. and {McNamara},
                 Brian R. and {McLean}, Brian and {Milone}, Alejandra A.~E. and
                 {Mohr}, Joseph J. and {Moraru}, Dan and {Peng}, Chien and
                 {Peters}, Jim and {Prestwich}, Andrea H. and {Stanek},
                 Krzysztof Z. and {Szentgyorgyi}, Andy and {Zhao}, Ping},
        title = "{BVRI Light Curves for 22 Type IA Supernovae}",
      journal = {\aj},
     keywords = {STARS: SUPERNOVAE: GENERAL, Astrophysics},
         year = 1999,
        month = feb,
       volume = {117},
       number = {2},
        pages = {707-724},
          doi = {10.1086/300738},
archivePrefix = {arXiv},
       eprint = {astro-ph/9810291},
 primaryClass = {astro-ph},
       adsurl = {https://ui.adsabs.harvard.edu/abs/1999AJ....117..707R},
      adsnote = {Provided by the SAO/NASA Astrophysics Data System}
}

@ARTICLE{riess2007,
       author = {{Riess}, Adam G. and {Strolger}, Louis-Gregory and {Casertano},
                 Stefano and {Ferguson}, Henry C. and {Mobasher}, Bahram and
                 {Gold}, Ben and {Challis}, Peter J. and {Filippenko}, Alexei V.
                 and {Jha}, Saurabh and {Li}, Weidong and {Tonry}, John and
                 {Foley}, Ryan and {Kirshner}, Robert P. and {Dickinson}, Mark
                 and {MacDonald}, Emily and {Eisenstein}, Daniel and {Livio},
                 Mario and {Younger}, Josh and {Xu}, Chun and {Dahl{\'e}n},
                 Tomas and {Stern}, Daniel},
        title = "{New Hubble Space Telescope Discoveries of Type Ia Supernovae
                 at z >= 1: Narrowing Constraints on the Early Behavior of Dark
                 Energy}",
      journal = {\apj},
     keywords = {Cosmology: Observations, Cosmology: Distance Scale, Galaxies:
                 Distances and Redshifts, Stars: Supernovae: General,
                 Astrophysics},
         year = 2007,
        month = apr,
       volume = {659},
       number = {1},
        pages = {98-121},
          doi = {10.1086/510378},
archivePrefix = {arXiv},
       eprint = {astro-ph/0611572},
 primaryClass = {astro-ph},
       adsurl = {https://ui.adsabs.harvard.edu/abs/2007ApJ...659...98R},
      adsnote = {Provided by the SAO/NASA Astrophysics Data System}
}

@ARTICLE{riess2016,
       author = {{Riess}, Adam G. and {Macri}, Lucas M. and {Hoffmann}, Samantha
                 L. and {Scolnic}, Dan and {Casertano}, Stefano and
                 {Filippenko}, Alexei V. and {Tucker}, Brad E. and {Reid}, Mark
                 J. and {Jones}, David O. and {Silverman}, Jeffrey M. and
                 {Chornock}, Ryan and {Challis}, Peter and {Yuan}, Wenlong and
                 {Brown}, Peter J. and {Foley}, Ryan J.},
        title = "{A 2.4\% Determination of the Local Value of the Hubble Constant}",
      journal = {\apj},
     keywords = {cosmological parameters, cosmology: observations, distance
                 scale, galaxies: distances and redshifts, Astrophysics -
                 Cosmology and Nongalactic Astrophysics, Astrophysics -
                 Astrophysics of Galaxies},
         year = 2016,
        month = jul,
       volume = {826},
       number = {1},
          eid = {56},
        pages = {56},
          doi = {10.3847/0004-637X/826/1/56},
archivePrefix = {arXiv},
       eprint = {1604.01424},
 primaryClass = {astro-ph.CO},
       adsurl = {https://ui.adsabs.harvard.edu/abs/2016ApJ...826...56R},
      adsnote = {Provided by the SAO/NASA Astrophysics Data System}
}

@ARTICLE{riess2018,
       author = {{Riess}, Adam G. and {Casertano}, Stefano and {Yuan}, Wenlong
                 and {Macri}, Lucas and {Bucciarelli}, Beatrice and {Lattanzi},
                 Mario G. and {MacKenty}, John W. and {Bowers}, J. Bradley and
                 {Zheng}, WeiKang and {Filippenko}, Alexei V. and {Huang},
                 Caroline and {Anderson}, Richard I.},
        title = "{Milky Way Cepheid Standards for Measuring Cosmic Distances and
                 Application to Gaia DR2: Implications for the Hubble
                 Constant}",
      journal = {\apj},
     keywords = {cosmology: observations, distance scale, parallaxes,
                 Astrophysics - Cosmology and Nongalactic Astrophysics,
                 Astrophysics - Solar and Stellar Astrophysics},
         year = 2018,
        month = jul,
       volume = {861},
       number = {2},
          eid = {126},
        pages = {126},
          doi = {10.3847/1538-4357/aac82e},
archivePrefix = {arXiv},
       eprint = {1804.10655},
 primaryClass = {astro-ph.CO},
       adsurl = {https://ui.adsabs.harvard.edu/abs/2018ApJ...861..126R},
      adsnote = {Provided by the SAO/NASA Astrophysics Data System}
}

@ARTICLE{riess2019,
       author = {{Riess}, Adam G. and {Casertano}, Stefano and {Yuan}, Wenlong
                 and {Macri}, Lucas M. and {Scolnic}, Dan},
        title = "{Large Magellanic Cloud Cepheid Standards Provide a 1\%
                 Foundation for the Determination of the Hubble Constant and
                 Stronger Evidence for Physics beyond
                 {\ensuremath{\Lambda}}CDM}",
      journal = {\apj},
     keywords = {cosmological parameters, distance scale, stars: variables:
                 Cepheids, supernovae: general, Astrophysics - Cosmology and
                 Nongalactic Astrophysics, Astrophysics - Astrophysics of
                 Galaxies},
         year = 2019,
        month = may,
       volume = {876},
       number = {1},
          eid = {85},
        pages = {85},
          doi = {10.3847/1538-4357/ab1422},
archivePrefix = {arXiv},
       eprint = {1903.07603},
 primaryClass = {astro-ph.CO},
       adsurl = {https://ui.adsabs.harvard.edu/abs/2019ApJ...876...85R},
      adsnote = {Provided by the SAO/NASA Astrophysics Data System}
}
@ARTICLE{rigault2013,
       author = {{Rigault}, M. and {Copin}, Y. and {Aldering}, G. and
                 {Antilogus}, P. and {Aragon}, C. and {Bailey}, S. and {Baltay},
                 C. and {Bongard}, S. and {Buton}, C. and {Canto}, A. and
                 {Cellier-Holzem}, F. and {Childress}, M. and {Chotard}, N. and
                 {Fakhouri}, H.~K. and {Feindt}, U. and {Fleury}, M. and
                 {Gangler}, E. and {Greskovic}, P. and {Guy}, J. and {Kim},
                 A.~G. and {Kowalski}, M. and {Lombardo}, S. and {Nordin}, J.
                 and {Nugent}, P. and {Pain}, R. and {P{\'e}contal}, E. and
                 {Pereira}, R. and {Perlmutter}, S. and {Rabinowitz}, D. and
                 {Runge}, K. and {Saunders}, C. and {Scalzo}, R. and {Smadja},
                 G. and {Tao}, C. and {Thomas}, R.~C. and {Weaver}, B.~A.},
        title = "{Evidence of environmental dependencies of Type Ia supernovae
                 from the Nearby Supernova Factory indicated by local
                 H{\ensuremath{\alpha}}}",
      journal = {\aap},
     keywords = {cosmology: observations, Astrophysics - Cosmology and
                 Extragalactic Astrophysics},
         year = 2013,
        month = dec,
       volume = {560},
          eid = {A66},
        pages = {A66},
          doi = {10.1051/0004-6361/201322104},
archivePrefix = {arXiv},
       eprint = {1309.1182},
 primaryClass = {astro-ph.CO},
       adsurl = {https://ui.adsabs.harvard.edu/abs/2013A&A...560A..66R},
      adsnote = {Provided by the SAO/NASA Astrophysics Data System}
}

@ARTICLE{rigault2015,
       author = {{Rigault}, M. and {Aldering}, G. and {Kowalski}, M. and {Copin}, Y. and {Antilogus}, P. and {Aragon}, C. and {Bailey}, S. and {Baltay}, C. and {Baugh}, D. and {Bongard}, S. and {Boone}, K. and {Buton}, C. and {Chen}, J. and {Chotard}, N. and {Fakhouri}, H.~K. and {Feindt}, U. and {Fagrelius}, P. and {Fleury}, M. and {Fouchez}, D. and {Gangler}, E. and {Hayden}, B. and {Kim}, A.~G. and {Leget}, P. -F. and {Lombardo}, S. and {Nordin}, J. and {Pain}, R. and {Pecontal}, E. and {Pereira}, R. and {Perlmutter}, S. and {Rabinowitz}, D. and {Runge}, K. and {Rubin}, D. and {Saunders}, C. and {Smadja}, G. and {Sofiatti}, C. and {Suzuki}, N. and {Tao}, C. and {Weaver}, B.~A.},
        title = "{Confirmation of a Star Formation Bias in Type Ia Supernova Distances and its Effect on the Measurement of the Hubble Constant}",
      journal = {\apj},
     keywords = {cosmology: observations, distance scale, galaxies: distances and redshifts, supernovae: general, ultraviolet: galaxies, Astrophysics - Cosmology and Nongalactic Astrophysics},
         year = 2015,
        month = mar,
       volume = {802},
       number = {1},
          eid = {20},
        pages = {20},
          doi = {10.1088/0004-637X/802/1/20},
archivePrefix = {arXiv},
       eprint = {1412.6501},
 primaryClass = {astro-ph.CO},
       adsurl = {https://ui.adsabs.harvard.edu/abs/2015ApJ...802...20R},
      adsnote = {Provided by the SAO/NASA Astrophysics Data System}
}
@ARTICLE{rigault2020,
       author = {{Rigault}, M. and {Brinnel}, V. and {Aldering}, G. and
                 {Antilogus}, P. and {Aragon}, C. and {Bailey}, S. and {Baltay},
                 C. and {Barbary}, K. and {Bongard}, S. and {Boone}, K. and
                 {Buton}, C. and {Childress}, M. and {Chotard}, N. and {Copin},
                 Y. and {Dixon}, S. and {Fagrelius}, P. and {Feindt}, U. and
                 {Fouchez}, D. and {Gangler}, E. and {Hayden}, B. and
                 {Hillebrandt}, W. and {Howell}, D.~A. and {Kim}, A. and
                 {Kowalski}, M. and {Kuesters}, D. and {Leget}, P. -F. and
                 {Lombardo}, S. and {Lin}, Q. and {Nordin}, J. and {Pain}, R.
                 and {Pecontal}, E. and {Pereira}, R. and {Perlmutter}, S. and
                 {Rabinowitz}, D. and {Runge}, K. and {Rubin}, D. and
                 {Saunders}, C. and {Smadja}, G. and {Sofiatti}, C. and
                 {Suzuki}, N. and {Taubenberger}, S. and {Tao}, C. and {Thomas},
                 R.~C.},
        title = "{Strong dependence of Type Ia supernova standardization on the
                 local specific star formation rate}",
      journal = {\aap},
     keywords = {cosmology: observations, cosmological parameters, dark energy,
                 Astrophysics - Cosmology and Nongalactic Astrophysics,
                 Astrophysics - Astrophysics of Galaxies},
         year = 2020,
        month = dec,
       volume = {644},
          eid = {A176},
        pages = {A176},
          doi = {10.1051/0004-6361/201730404},
archivePrefix = {arXiv},
       eprint = {1806.03849},
 primaryClass = {astro-ph.CO},
       adsurl = {https://ui.adsabs.harvard.edu/abs/2020A&A...644A.176R},
      adsnote = {Provided by the SAO/NASA Astrophysics Data System}
}

@ARTICLE{rodney2014,
       author = {{Rodney}, Steven A. and {Riess}, Adam G. and {Strolger},
                 Louis-Gregory and {Dahlen}, Tomas and {Graur}, Or and
                 {Casertano}, Stefano and {Dickinson}, Mark E. and {Ferguson},
                 Henry C. and {Garnavich}, Peter and {Hayden}, Brian and {Jha},
                 Saurabh W. and {Jones}, David O. and {Kirshner}, Robert P. and
                 {Koekemoer}, Anton M. and {McCully}, Curtis and {Mobasher},
                 Bahram and {Patel}, Brandon and {Weiner}, Benjamin J. and
                 {Cenko}, S. Bradley and {Clubb}, Kelsey I. and {Cooper},
                 Michael and {Filippenko}, Alexei V. and {Frederiksen}, Teddy F.
                 and {Hjorth}, Jens and {Leibundgut}, Bruno and {Matheson},
                 Thomas and {Nayyeri}, Hooshang and {Penner}, Kyle and {Trump},
                 Jonathan and {Silverman}, Jeffrey M. and {U}, Vivian and
                 {Azalee Bostroem}, K. and {Challis}, Peter and {Rajan},
                 Abhijith and {Wolff}, Schuyler and {Faber}, S.~M. and {Grogin},
                 Norman A. and {Kocevski}, Dale},
        title = "{Type Ia Supernova Rate Measurements to Redshift 2.5 from
                 CANDELS: Searching for Prompt Explosions in the Early
                 Universe}",
      journal = {\aj},
     keywords = {infrared: general, supernovae: general, surveys, Astrophysics -
                 Cosmology and Nongalactic Astrophysics},
         year = 2014,
        month = jul,
       volume = {148},
       number = {1},
          eid = {13},
        pages = {13},
          doi = {10.1088/0004-6256/148/1/13},
archivePrefix = {arXiv},
       eprint = {1401.7978},
 primaryClass = {astro-ph.CO},
       adsurl = {https://ui.adsabs.harvard.edu/abs/2014AJ....148...13R},
      adsnote = {Provided by the SAO/NASA Astrophysics Data System}
}

@ARTICLE{roman2018,
       author = {{Roman}, M. and {Hardin}, D. and {Betoule}, M. and {Astier}, P.
                 and {Balland}, C. and {Ellis}, R.~S. and {Fabbro}, S. and
                 {Guy}, J. and {Hook}, I. and {Howell}, D.~A. and {Lidman}, C.
                 and {Mitra}, A. and {M{\"o}ller}, A. and {Mour{\~a}o}, A.~M.
                 and {Neveu}, J. and {Palanque-Delabrouille}, N. and {Pritchet},
                 C.~J. and {Regnault}, N. and {Ruhlmann-Kleider}, V. and
                 {Saunders}, C. and {Sullivan}, M.},
        title = "{Dependence of Type Ia supernova luminosities on their local
                 environment}",
      journal = {\aap},
     keywords = {supernovae: general, techniques: image processing, techniques:
                 photometric, dark energy, methods: data analysis, galaxies:
                 photometry, Astrophysics - Astrophysics of Galaxies},
         year = 2018,
        month = jul,
       volume = {615},
          eid = {A68},
        pages = {A68},
          doi = {10.1051/0004-6361/201731425},
archivePrefix = {arXiv},
       eprint = {1706.07697},
 primaryClass = {astro-ph.GA},
       adsurl = {https://ui.adsabs.harvard.edu/abs/2018A&A...615A..68R},
      adsnote = {Provided by the SAO/NASA Astrophysics Data System}
}

@ARTICLE{rose2019,
       author = {{Rose}, B.~M. and {Garnavich}, P.~M. and {Berg}, M.~A.},
        title = "{Think Global, Act Local: The Influence of Environment Age and
                 Host Mass on Type Ia Supernova Light Curves}",
      journal = {\apj},
     keywords = {distance scale, galaxies: distances and redshifts, galaxies:
                 general, galaxies: photometry, galaxies: stellar content,
                 supernovae: general, Astrophysics - Cosmology and Nongalactic
                 Astrophysics, Astrophysics - Astrophysics of Galaxies},
         year = 2019,
        month = mar,
       volume = {874},
       number = {1},
          eid = {32},
        pages = {32},
          doi = {10.3847/1538-4357/ab0704},
archivePrefix = {arXiv},
       eprint = {1902.01433},
 primaryClass = {astro-ph.CO},
       adsurl = {https://ui.adsabs.harvard.edu/abs/2019ApJ...874...32R},
      adsnote = {Provided by the SAO/NASA Astrophysics Data System}
}

@ARTICLE{rubin2015,
       author = {{Rubin}, D. and {Aldering}, G. and {Barbary}, K. and {Boone},
                 K. and {Chappell}, G. and {Currie}, M. and {Deustua}, S. and
                 {Fagrelius}, P. and {Fruchter}, A. and {Hayden}, B. and
                 {Lidman}, C. and {Nordin}, J. and {Perlmutter}, S. and
                 {Saunders}, C. and {Sofiatti}, C. and {Supernova Cosmology
                 Project}, The},
        title = "{UNITY: Confronting Supernova Cosmology's Statistical and
                 Systematic Uncertainties in a Unified Bayesian Framework}",
      journal = {\apj},
     keywords = {dark energy, methods: statistical, supernovae: general,
                 Astrophysics - Cosmology and Nongalactic Astrophysics},
         year = 2015,
        month = nov,
       volume = {813},
       number = {2},
          eid = {137},
        pages = {137},
          doi = {10.1088/0004-637X/813/2/137},
archivePrefix = {arXiv},
       eprint = {1507.01602},
 primaryClass = {astro-ph.CO},
       adsurl = {https://ui.adsabs.harvard.edu/abs/2015ApJ...813..137R},
      adsnote = {Provided by the SAO/NASA Astrophysics Data System}
}

@ARTICLE{rubin2016,
       author = {{Rubin}, D. and {Hayden}, B.},
        title = "{Is the Expansion of the Universe Accelerating? All Signs Point
                 to Yes}",
      journal = {\apjl},
     keywords = {cosmological parameters, cosmology: observations, dark energy,
                 Astrophysics - Cosmology and Nongalactic Astrophysics},
         year = 2016,
        month = dec,
       volume = {833},
       number = {2},
          eid = {L30},
        pages = {L30},
          doi = {10.3847/2041-8213/833/2/L30},
archivePrefix = {arXiv},
       eprint = {1610.08972},
 primaryClass = {astro-ph.CO},
       adsurl = {https://ui.adsabs.harvard.edu/abs/2016ApJ...833L..30R},
      adsnote = {Provided by the SAO/NASA Astrophysics Data System}
}

% S

@ARTICLE{sako2008,
       author = {{Sako}, Masao and {Bassett}, Bruce and {Becker}, Andrew and
                 {Cinabro}, David and {DeJongh}, Fritz and {Depoy}, D.~L. and
                 {Dilday}, Ben and {Doi}, Mamoru and {Frieman}, Joshua A. and
                 {Garnavich}, Peter M. and {Hogan}, Craig J. and {Holtzman}, Jon
                 and {Jha}, Saurabh and {Kessler}, Richard and {Konishi}, Kohki
                 and {Lampeitl}, Hubert and {Marriner}, John and {Miknaitis},
                 Gajus and {Nichol}, Robert C. and {Prieto}, Jose Luis and
                 {Riess}, Adam G. and {Richmond}, Michael W. and {Romani}, Roger
                 and {Schneider}, Donald P. and {Smith}, Mathew and {SubbaRao},
                 Mark and {Takanashi}, Naohiro and {Tokita}, Kouichi and {van
                 der Heyden}, Kurt and {Yasuda}, Naoki and {Zheng}, Chen and
{Barentine}, John and {Brewington}, Howard and {Choi}, Changsu and {Dembicky},
Jack and {Harnavek}, Michael and {Ihara}, Yutaka and {Im}, Myungshin and
{Ketzeback}, William and {Kleinman}, Scott J. and {Krzesi{\'n}ski}, Jurek and
{Long}, Daniel C. and {Malanushenko}, Elena and {Malanushenko}, Viktor and
{McMillan}, Russet J. and {Morokuma}, Tomoki and {Nitta}, Atsuko and {Pan},
Kaike and {Saurage}, Gabrelle and {Snedden}, Stephanie A.},
        title = "{The Sloan Digital Sky Survey-II Supernova Survey: Search
                 Algorithm and Follow-up Observations}",
      journal = {\aj},
     keywords = {cosmology: observations, methods: data analysis, techniques:
                 image processing, supernovae: general, surveys, Astrophysics},
         year = 2008,
        month = jan,
       volume = {135},
       number = {1},
        pages = {348-373},
          doi = {10.1088/0004-6256/135/1/348},
archivePrefix = {arXiv},
       eprint = {0708.2750},
 primaryClass = {astro-ph},
       adsurl = {https://ui.adsabs.harvard.edu/abs/2008AJ....135..348S},
      adsnote = {Provided by the SAO/NASA Astrophysics Data System}
}

@ARTICLE{sako2018,
       author = {{Sako}, Masao and {Bassett}, Bruce and {Becker}, Andrew C. and
                 {Brown}, Peter J. and {Campbell}, Heather and {Wolf}, Rachel
                 and {Cinabro}, David and {D'Andrea}, Chris B. and {Dawson},
                 Kyle S. and {DeJongh}, Fritz and {Depoy}, Darren L. and
                 {Dilday}, Ben and {Doi}, Mamoru and {Filippenko}, Alexei V. and
                 {Fischer}, John A. and {Foley}, Ryan J. and {Frieman}, Joshua
                 A. and {Galbany}, Lluis and {Garnavich}, Peter M. and {Goobar},
                 Ariel and {Gupta}, Ravi R. and {Hill}, Gary J. and {Hayden},
                 Brian T. and {Hlozek}, Ren{\'e}e and {Holtzman}, Jon A. and
                 {Hopp}, Ulrich and {Jha}, Saurabh W. and {Kessler}, Richard and
                 {Kollatschny}, Wolfram and {Leloudas}, Giorgos and {Marriner},
                 John and {Marshall}, Jennifer L. and {Miquel}, Ramon and
                 {Morokuma}, Tomoki and {Mosher}, Jennifer and {Nichol}, Robert
                 C. and {Nordin}, Jakob and {Olmstead}, Matthew D. and
                 {{\"O}stman}, Linda and {Prieto}, Jose L. and {Richmond},
                 Michael and {Romani}, Roger W. and {Sollerman}, Jesper and
                 {Stritzinger}, Max and {Schneider}, Donald P. and {Smith},
                 Mathew and {Wheeler}, J. Craig and {Yasuda}, Naoki and {Zheng},
                 Chen},
        title = "{The Data Release of the Sloan Digital Sky Survey-II Supernova
                 Survey}",
      journal = {\pasp},
     keywords = {Astrophysics - Cosmology and Nongalactic Astrophysics},
         year = 2018,
        month = jun,
       volume = {130},
       number = {988},
        pages = {064002},
          doi = {10.1088/1538-3873/aab4e0},
archivePrefix = {arXiv},
       eprint = {1401.3317},
 primaryClass = {astro-ph.CO},
       adsurl = {https://ui.adsabs.harvard.edu/abs/2018PASP..130f4002S},
      adsnote = {Provided by the SAO/NASA Astrophysics Data System}
}

@ARTICLE{scannapieco2005,
       author = {{Scannapieco}, Evan and {Bildsten}, Lars},
        title = "{The Type Ia Supernova Rate}",
      journal = {\apjl},
     keywords = {Galaxies: Evolution, Stars: Supernovae: General, Astrophysics},
         year = 2005,
        month = aug,
       volume = {629},
       number = {2},
        pages = {L85-L88},
          doi = {10.1086/452632},
archivePrefix = {arXiv},
       eprint = {astro-ph/0507456},
 primaryClass = {astro-ph},
       adsurl = {https://ui.adsabs.harvard.edu/abs/2005ApJ...629L..85S},
      adsnote = {Provided by the SAO/NASA Astrophysics Data System}
}

@ARTICLE{schmidt1989,
       author = {{Schmidt}, Gary D. and {Weymann}, Ray J. and {Foltz}, Craig B.},
        title = "{A Moderate-Resolution, High-Throughput CCD Channel for the MMT
                 Spectrograph}",
      journal = {\pasp},
     keywords = {Charge Coupled Devices, Reflecting Telescopes, Spectrographs,
                 Cameras, Imaging Techniques, Mirrors, Pixels, Instrumentation
                 and Photography, INSTRUMENTS},
         year = 1989,
        month = aug,
       volume = {101},
        pages = {713},
          doi = {10.1086/132495},
       adsurl = {https://ui.adsabs.harvard.edu/abs/1989PASP..101..713S},
      adsnote = {Provided by the SAO/NASA Astrophysics Data System}
}

@ARTICLE{scolnic2014,
       author = {{Scolnic}, D. and {Rest}, A. and {Riess}, A. and {Huber}, M.~E.
                 and {Foley}, R.~J. and {Brout}, D. and {Chornock}, R. and
                 {Narayan}, G. and {Tonry}, J.~L. and {Berger}, E. and
                 {Soderberg}, A.~M. and {Stubbs}, C.~W. and {Kirshner}, R.~P.
                 and {Rodney}, S. and {Smartt}, S.~J. and {Schlafly}, E. and
                 {Botticella}, M.~T. and {Challis}, P. and {Czekala}, I. and
                 {Drout}, M. and {Hudson}, M.~J. and {Kotak}, R. and {Leibler},
                 C. and {Lunnan}, R. and {Marion}, G.~H. and {McCrum}, M. and
                 {Milisavljevic}, D. and {Pastorello}, A. and {Sanders}, N.~E.
                 and {Smith}, K. and {Stafford}, E. and {Thilker}, D. and
                 {Valenti}, S. and {Wood-Vasey}, W.~M. and {Zheng}, Z. and
                 {Burgett}, W.~S. and {Chambers}, K.~C. and {Denneau}, L. and
                 {Draper}, P.~W. and {Flewelling}, H. and {Hodapp}, K.~W. and
                 {Kaiser}, N. and {Kudritzki}, R. -P. and {Magnier}, E.~A. and
                 {Metcalfe}, N. and {Price}, P.~A. and {Sweeney}, W. and
                 {Wainscoat}, R. and {Waters}, C.},
        title = "{Systematic Uncertainties Associated with the Cosmological
                 Analysis of the First Pan-STARRS1 Type Ia Supernova Sample}",
      journal = {\apj},
     keywords = {dark energy, supernovae: general, Astrophysics - Cosmology and
                 Nongalactic Astrophysics},
         year = 2014,
        month = nov,
       volume = {795},
       number = {1},
          eid = {45},
        pages = {45},
          doi = {10.1088/0004-637X/795/1/45},
archivePrefix = {arXiv},
       eprint = {1310.3824},
 primaryClass = {astro-ph.CO},
       adsurl = {https://ui.adsabs.harvard.edu/abs/2014ApJ...795...45S},
      adsnote = {Provided by the SAO/NASA Astrophysics Data System}
}
@ARTICLE{scolnic2016,
       author = {{Scolnic}, D. and {Kessler}, R.},
        title = "{Measuring Type Ia Supernova Populations of Stretch and Color
                 and Predicting Distance Biases}",
      journal = {\apjl},
     keywords = {dark energy, supernovae: general, Astrophysics - Cosmology and
                 Nongalactic Astrophysics},
         year = 2016,
        month = may,
       volume = {822},
       number = {2},
          eid = {L35},
        pages = {L35},
          doi = {10.3847/2041-8205/822/2/L35},
archivePrefix = {arXiv},
       eprint = {1603.01559},
 primaryClass = {astro-ph.CO},
       adsurl = {https://ui.adsabs.harvard.edu/abs/2016ApJ...822L..35S},
      adsnote = {Provided by the SAO/NASA Astrophysics Data System}
}

@ARTICLE{scolnic2018,
       author = {{Scolnic}, D.~M. and {Jones}, D.~O. and {Rest}, A. and {Pan},
                 Y.~C. and {Chornock}, R. and {Foley}, R.~J. and {Huber}, M.~E.
                 and {Kessler}, R. and {Narayan}, G. and {Riess}, A.~G. and
                 {Rodney}, S. and {Berger}, E. and {Brout}, D.~J. and {Challis},
                 P.~J. and {Drout}, M. and {Finkbeiner}, D. and {Lunnan}, R. and
                 {Kirshner}, R.~P. and {Sanders}, N.~E. and {Schlafly}, E. and
                 {Smartt}, S. and {Stubbs}, C.~W. and {Tonry}, J. and
                 {Wood-Vasey}, W.~M. and {Foley}, M. and {Hand}, J. and
                 {Johnson}, E. and {Burgett}, W.~S. and {Chambers}, K.~C. and
                 {Draper}, P.~W. and {Hodapp}, K.~W. and {Kaiser}, N. and
                 {Kudritzki}, R.~P. and {Magnier}, E.~A. and {Metcalfe}, N. and
                 {Bresolin}, F. and {Gall}, E. and {Kotak}, R. and {McCrum}, M.
                 and {Smith}, K.~W.},
        title = "{The Complete Light-curve Sample of Spectroscopically Confirmed
                 SNe Ia from Pan-STARRS1 and Cosmological Constraints from the
                 Combined Pantheon Sample}",
      journal = {\apj},
     keywords = {cosmology: observations, dark energy, supernovae: general,
                 Astrophysics - Cosmology and Nongalactic Astrophysics},
         year = 2018,
        month = jun,
       volume = {859},
       number = {2},
          eid = {101},
        pages = {101},
          doi = {10.3847/1538-4357/aab9bb},
archivePrefix = {arXiv},
       eprint = {1710.00845},
 primaryClass = {astro-ph.CO},
       adsurl = {https://ui.adsabs.harvard.edu/abs/2018ApJ...859..101S},
      adsnote = {Provided by the SAO/NASA Astrophysics Data System}
}
@ARTICLE{scolnic2019,
       author = {{Scolnic}, Daniel and {Perlmutter}, Saul and {Aldering}, Greg
                 and {Brout}, Dillon and {Davis}, Tamara and {Filippenko}, Alex
                 and {Foley}, Ryan and {Hlo{\v{z}}ek}, Ren{\'e}e and {Hounsell},
                 Rebekah and {Jones}, David and {Kelly}, Pat and {Rubin}, David
                 and {Riess}, Adam and {Rodney}, Steven and {Roberts-Pierel},
                 Justin and {Wang}, Yun and {Asorey}, Jacobo and {Avelino},
                 Arturo and {Bavdhankar}, Chetan and {Brown}, Peter J. and
                 {Challinor}, Anthony and {Balland}, Christophe and {Cooray},
                 Asantha and {Dhawan}, Suhail and {Dimitriadis}, Georgios and
                 {Dvorkin}, Cora and {Guy}, Julien and {Handley}, Will and
                 {Keeley}, Ryan E. and {Kneib}, Jean-Paul and {L'Huillier},
                 Benjamin and {Lattanzi}, Massimiliano and {Mandel}, Kaisey and
                 {Mertens}, James and {Rigault}, Mickael and {Motloch}, Pavel
                 and {Mukherjee}, Suvodip and {Narayan}, Gautham and
                 {Nomerotski}, Andrei and {Page}, Lyman and {Pogosian}, Levon
                 and {Puglisi}, Giuseppe and {Raveri}, Marco and {Regnault},
                 Nicolas and {Rest}, Armin and {Rojas-Bravo}, C{\'e}sar and
                 {Sako}, Masao and {Shi}, Feng and {Sridhar}, Srivatsan and
                 {Suzuki}, Aritoki and {Tsai}, Yu-Dai and {Wood-Vasey}, W.~M.
                 and {Copin}, Yannick and {Zhao}, Gong-Bo and {Zhu}, Ningfeng},
        title = "{The Next Generation of Cosmological Measurements with Type Ia
                 Supernovae}",
      journal = {Astro2020: Decadal Survey on Astronomy and Astrophysics},
     keywords = {Astrophysics - Cosmology and Nongalactic Astrophysics},
         year = 2019,
        month = may,
       volume = {2020},
        pages = {270},
archivePrefix = {arXiv},
       eprint = {1903.05128},
 primaryClass = {astro-ph.CO},
       adsurl = {https://ui.adsabs.harvard.edu/abs/2019astro2020T.270S},
      adsnote = {Provided by the SAO/NASA Astrophysics Data System}
}

@ARTICLE{shariff2016,
       author = {{Shariff}, Hikmatali and {Jiao}, Xiyun and {Trotta}, Roberto
                 and {van Dyk}, David A.},
        title = "{BAHAMAS: New Analysis of Type Ia Supernovae Reveals
                 Inconsistencies with Standard Cosmology}",
      journal = {\apj},
     keywords = {cosmological parameters, dark energy, dark matter, distance
                 scale, methods: statistical, Astrophysics - Cosmology and
                 Nongalactic Astrophysics},
         year = 2016,
        month = aug,
       volume = {827},
       number = {1},
          eid = {1},
        pages = {1},
          doi = {10.3847/0004-637X/827/1/1},
archivePrefix = {arXiv},
       eprint = {1510.05954},
 primaryClass = {astro-ph.CO},
       adsurl = {https://ui.adsabs.harvard.edu/abs/2016ApJ...827....1S},
      adsnote = {Provided by the SAO/NASA Astrophysics Data System}
}
@ARTICLE{smith2012,
       author = {{Smith}, Mathew and {Nichol}, Robert C. and {Dilday}, Benjamin
                 and {Marriner}, John and {Kessler}, Richard and {Bassett},
                 Bruce and {Cinabro}, David and {Frieman}, Joshua and
                 {Garnavich}, Peter and {Jha}, Saurabh W. and {Lampeitl}, Hubert
                 and {Sako}, Masao and {Schneider}, Donald P. and {Sollerman},
                 Jesper},
        title = "{The SDSS-II Supernova Survey: Parameterizing the Type Ia
                 Supernova Rate as a Function of Host Galaxy Properties}",
      journal = {\apj},
     keywords = {cosmology: observations, distance scale, galaxies: evolution,
                 supernovae: general, Astrophysics - Cosmology and Nongalactic
                 Astrophysics},
         year = 2012,
        month = aug,
       volume = {755},
       number = {1},
          eid = {61},
        pages = {61},
          doi = {10.1088/0004-637X/755/1/61},
archivePrefix = {arXiv},
       eprint = {1108.4923},
 primaryClass = {astro-ph.CO},
       adsurl = {https://ui.adsabs.harvard.edu/abs/2012ApJ...755...61S},
      adsnote = {Provided by the SAO/NASA Astrophysics Data System}
}

@ARTICLE{smith2020,
       author = {{Smith}, M. and {Sullivan}, M. and {Wiseman}, P. and {Kessler},
                 R. and {Scolnic}, D. and {Brout}, D. and {D'Andrea}, C.~B. and
                 {Davis}, T.~M. and {Foley}, R.~J. and {Frohmaier}, C. and
                 {Galbany}, L. and {Gupta}, R.~R. and {Guti{\'e}rrez}, C.~P. and
                 {Hinton}, S.~R. and {Kelsey}, L. and {Lidman}, C. and
                 {Macaulay}, E. and {M{\"o}ller}, A. and {Nichol}, R.~C. and
                 {Nugent}, P. and {Palmese}, A. and {Pursiainen}, M. and {Sako},
                 M. and {Swann}, E. and {Thomas}, R.~C. and {Tucker}, B.~E. and
                 {Vincenzi}, M. and {Carollo}, D. and {Lewis}, G.~F. and
                 {Sommer}, N.~E. and {Abbott}, T.~M.~C. and {Aguena}, M. and
                 {Allam}, S. and {Avila}, S. and {Bertin}, E. and {Bhargava}, S.
                 and {Brooks}, D. and {Buckley-Geer}, E. and {Burke}, D.~L. and
                 {Carnero Rosell}, A. and {Carrasco Kind}, M. and {Costanzi}, M.
                 and {da Costa}, L.~N. and {De Vicente}, J. and {Desai}, S. and
                 {Diehl}, H.~T. and {Doel}, P. and {Eifler}, T.~F. and
                 {Everett}, S. and {Flaugher}, B. and {Fosalba}, P. and
                 {Frieman}, J. and {Garc{\'\i}a-Bellido}, J. and {Gaztanaga}, E.
                 and {Glazebrook}, K. and {Gruen}, D. and {Gruendl}, R.~A. and
                 {Gschwend}, J. and {Gutierrez}, G. and {Hartley}, W.~G. and
                 {Hollowood}, D.~L. and {Honscheid}, K. and {James}, D.~J. and
                 {Krause}, E. and {Kuehn}, K. and {Kuropatkin}, N. and {Lima},
                 M. and {MacCrann}, N. and {Maia}, M.~A.~G. and {Marshall},
                 J.~L. and {Martini}, P. and {Melchior}, P. and {Menanteau}, F.
                 and {Miquel}, R. and {Paz-Chinch{\'o}n}, F. and {Plazas}, A.~A.
                 and {Romer}, A.~K. and {Roodman}, A. and {Rykoff}, E.~S. and
                 {Sanchez}, E. and {Scarpine}, V. and {Schubnell}, M. and
                 {Serrano}, S. and {Sevilla-Noarbe}, I. and {Suchyta}, E. and
                 {Swanson}, M.~E.~C. and {Tarle}, G. and {Thomas}, D. and
                 {Tucker}, D.~L. and {Varga}, T.~N. and {Walker}, A.~R. and {DES
                 Collaboration}},
        title = "{First cosmology results using type Ia supernovae from the Dark
                 Energy Survey: the effect of host galaxy properties on
                 supernova luminosity}",
      journal = {\mnras},
     keywords = {surveys, supernovae: general, distance scale, cosmology:
                 observations, transients: supernovae, Astrophysics - Cosmology
                 and Nongalactic Astrophysics, Astrophysics - Astrophysics of
                 Galaxies},
         year = 2020,
        month = may,
       volume = {494},
       number = {3},
        pages = {4426-4447},
          doi = {10.1093/mnras/staa946},
archivePrefix = {arXiv},
       eprint = {2001.11294},
 primaryClass = {astro-ph.CO},
       adsurl = {https://ui.adsabs.harvard.edu/abs/2020MNRAS.494.4426S},
      adsnote = {Provided by the SAO/NASA Astrophysics Data System}
}
@ARTICLE{strolger2004,
       author = {{Strolger}, Louis-Gregory and {Riess}, Adam G. and {Dahlen},
                 Tomas and {Livio}, Mario and {Panagia}, Nino and {Challis},
                 Peter and {Tonry}, John L. and {Filippenko}, Alexei V. and
                 {Chornock}, Ryan and {Ferguson}, Henry and {Koekemoer}, Anton
                 and {Mobasher}, Bahram and {Dickinson}, Mark and {Giavalisco},
                 Mauro and {Casertano}, Stefano and {Hook}, Richard and
                 {Blondin}, Stephane and {Leibundgut}, Bruno and {Nonino}, Mario
                 and {Rosati}, Piero and {Spinrad}, Hyron and {Steidel}, Charles
                 C. and {Stern}, Daniel and {Garnavich}, Peter M. and
                 {Matheson}, Thomas and {Grogin}, Norman and {Hornschemeier},
                 Ann and {Kretchmer}, Claudia and {Laidler}, Victoria G. and
                 {Lee}, Kyoungsoo and {Lucas}, Ray and {de Mello}, Duilia and
                 {Moustakas}, Leonidas A. and {Ravindranath}, Swara and
                 {Richardson}, Marin and {Taylor}, Edward},
        title = "{The Hubble Higher z Supernova Search: Supernovae to z
                 \raisebox{-0.5ex}\textasciitilde 1.6 and Constraints on Type Ia
                 Progenitor Models}",
      journal = {\apj},
     keywords = {Stars: Supernovae: General, Surveys, Astrophysics},
         year = 2004,
        month = sep,
       volume = {613},
       number = {1},
        pages = {200-223},
          doi = {10.1086/422901},
archivePrefix = {arXiv},
       eprint = {astro-ph/0406546},
 primaryClass = {astro-ph},
       adsurl = {https://ui.adsabs.harvard.edu/abs/2004ApJ...613..200S},
      adsnote = {Provided by the SAO/NASA Astrophysics Data System}
}

@ARTICLE{stritzinger2011,
       author = {{Stritzinger}, Maximilian D. and {Phillips}, M.~M. and {Boldt},
                 Luis N. and {Burns}, Chris and {Campillay}, Abdo and
                 {Contreras}, Carlos and {Gonzalez}, Sergio and {Folatelli},
                 Gast{\'o}n and {Morrell}, Nidia and {Krzeminski}, Wojtek and
                 {Roth}, Miguel and {Salgado}, Francisco and {DePoy}, D.~L. and
                 {Hamuy}, Mario and {Freedman}, Wendy L. and {Madore}, Barry F.
                 and {Marshall}, J.~L. and {Persson}, Sven E. and {Rheault},
                 Jean-Philippe and {Suntzeff}, Nicholas B. and {Villanueva},
                 Steven and {Li}, Weidong and {Filippenko}, Alexei V.},
        title = "{The Carnegie Supernova Project: Second Photometry Data Release
                 of Low-redshift Type Ia Supernovae}",
      journal = {\aj},
     keywords = {galaxies: distances and redshifts, supernovae: general,
                 Astrophysics - Cosmology and Nongalactic Astrophysics},
         year = 2011,
        month = nov,
       volume = {142},
       number = {5},
          eid = {156},
        pages = {156},
          doi = {10.1088/0004-6256/142/5/156},
archivePrefix = {arXiv},
       eprint = {1108.3108},
 primaryClass = {astro-ph.CO},
       adsurl = {https://ui.adsabs.harvard.edu/abs/2011AJ....142..156S},
      adsnote = {Provided by the SAO/NASA Astrophysics Data System}
}

@ARTICLE{sullivan2006,
       author = {{Sullivan}, M. and {Le Borgne}, D. and {Pritchet}, C.~J. and
                 {Hodsman}, A. and {Neill}, J.~D. and {Howell}, D.~A. and
                 {Carlberg}, R.~G. and {Astier}, P. and {Aubourg}, E. and
                 {Balam}, D. and {Basa}, S. and {Conley}, A. and {Fabbro}, S.
                 and {Fouchez}, D. and {Guy}, J. and {Hook}, I. and {Pain}, R.
                 and {Palanque-Delabrouille}, N. and {Perrett}, K. and
                 {Regnault}, N. and {Rich}, J. and {Taillet}, R. and {Baumont},
                 S. and {Bronder}, J. and {Ellis}, R.~S. and {Filiol}, M. and
                 {Lusset}, V. and {Perlmutter}, S. and {Ripoche}, P. and {Tao},
                 C.},
        title = "{Rates and Properties of Type Ia Supernovae as a Function of
                 Mass and Star Formation in Their Host Galaxies}",
      journal = {\apj},
     keywords = {Cosmology: Distance Scale, Galaxies: Evolution, Stars:
                 Supernovae: General, Surveys, Astrophysics},
         year = 2006,
        month = sep,
       volume = {648},
       number = {2},
        pages = {868-883},
          doi = {10.1086/506137},
archivePrefix = {arXiv},
       eprint = {astro-ph/0605455},
 primaryClass = {astro-ph},
       adsurl = {https://ui.adsabs.harvard.edu/abs/2006ApJ...648..868S},
      adsnote = {Provided by the SAO/NASA Astrophysics Data System}
}
@ARTICLE{sullivan2010,
       author = {{Sullivan}, M. and {Conley}, A. and {Howell}, D.~A. and
                 {Neill}, J.~D. and {Astier}, P. and {Balland}, C. and {Basa},
                 S. and {Carlberg}, R.~G. and {Fouchez}, D. and {Guy}, J. and
                 {Hardin}, D. and {Hook}, I.~M. and {Pain}, R. and
                 {Palanque-Delabrouille}, N. and {Perrett}, K.~M. and
                 {Pritchet}, C.~J. and {Regnault}, N. and {Rich}, J. and
                 {Ruhlmann-Kleider}, V. and {Baumont}, S. and {Hsiao}, E. and
                 {Kronborg}, T. and {Lidman}, C. and {Perlmutter}, S. and
                 {Walker}, E.~S.},
        title = "{The dependence of Type Ia Supernovae luminosities on their
                 host galaxies}",
      journal = {\mnras},
     keywords = {supernovae: general, cosmology: observations, distance scale,
                 Astrophysics - Cosmology and Nongalactic Astrophysics},
         year = 2010,
        month = aug,
       volume = {406},
       number = {2},
        pages = {782-802},
          doi = {10.1111/j.1365-2966.2010.16731.x},
archivePrefix = {arXiv},
       eprint = {1003.5119},
 primaryClass = {astro-ph.CO},
       adsurl = {https://ui.adsabs.harvard.edu/abs/2010MNRAS.406..782S},
      adsnote = {Provided by the SAO/NASA Astrophysics Data System}
}

@ARTICLE{sullivan2011,
       author = {{Sullivan}, M. and {Guy}, J. and {Conley}, A. and {Regnault},
                 N. and {Astier}, P. and {Balland}, C. and {Basa}, S. and
                 {Carlberg}, R.~G. and {Fouchez}, D. and {Hardin}, D. and
                 {Hook}, I.~M. and {Howell}, D.~A. and {Pain}, R. and
                 {Palanque-Delabrouille}, N. and {Perrett}, K.~M. and
                 {Pritchet}, C.~J. and {Rich}, J. and {Ruhlmann-Kleider}, V. and
                 {Balam}, D. and {Baumont}, S. and {Ellis}, R.~S. and {Fabbro},
                 S. and {Fakhouri}, H.~K. and {Fourmanoit}, N. and
                 {Gonz{\'a}lez-Gait{\'a}n}, S. and {Graham}, M.~L. and {Hudson},
                 M.~J. and {Hsiao}, E. and {Kronborg}, T. and {Lidman}, C. and
                 {Mourao}, A.~M. and {Neill}, J.~D. and {Perlmutter}, S. and
                 {Ripoche}, P. and {Suzuki}, N. and {Walker}, E.~S.},
        title = "{SNLS3: Constraints on Dark Energy Combining the Supernova
                 Legacy Survey Three-year Data with Other Probes}",
      journal = {\apj},
     keywords = {cosmological parameters, cosmology: observations, supernovae:
                 general, surveys, Astrophysics - Cosmology and Extragalactic
                 Astrophysics},
         year = 2011,
        month = aug,
       volume = {737},
       number = {2},
          eid = {102},
        pages = {102},
          doi = {10.1088/0004-637X/737/2/102},
archivePrefix = {arXiv},
       eprint = {1104.1444},
 primaryClass = {astro-ph.CO},
       adsurl = {https://ui.adsabs.harvard.edu/abs/2011ApJ...737..102S},
      adsnote = {Provided by the SAO/NASA Astrophysics Data System}
}

@ARTICLE{suzuki2012,
       author = {{Suzuki}, N. and {Rubin}, D. and {Lidman}, C. and {Aldering},
                 G. and {Amanullah}, R. and {Barbary}, K. and {Barrientos},
                 L.~F. and {Botyanszki}, J. and {Brodwin}, M. and {Connolly}, N.
                 and {Dawson}, K.~S. and {Dey}, A. and {Doi}, M. and {Donahue},
                 M. and {Deustua}, S. and {Eisenhardt}, P. and {Ellingson}, E.
                 and {Faccioli}, L. and {Fadeyev}, V. and {Fakhouri}, H.~K. and
                 {Fruchter}, A.~S. and {Gilbank}, D.~G. and {Gladders}, M.~D.
                 and {Goldhaber}, G. and {Gonzalez}, A.~H. and {Goobar}, A. and
                 {Gude}, A. and {Hattori}, T. and {Hoekstra}, H. and {Hsiao}, E.
                 and {Huang}, X. and {Ihara}, Y. and {Jee}, M.~J. and
                 {Johnston}, D. and {Kashikawa}, N. and {Koester}, B. and
                 {Konishi}, K. and {Kowalski}, M. and {Linder}, E.~V. and
                 {Lubin}, L. and {Melbourne}, J. and {Meyers}, J. and
                 {Morokuma}, T. and {Munshi}, F. and {Mullis}, C. and {Oda}, T.
                 and {Panagia}, N. and {Perlmutter}, S. and {Postman}, M. and
                 {Pritchard}, T. and {Rhodes}, J. and {Ripoche}, P. and
                 {Rosati}, P. and {Schlegel}, D.~J. and {Spadafora}, A. and
                 {Stanford}, S.~A. and {Stanishev}, V. and {Stern}, D. and
                 {Strovink}, M. and {Takanashi}, N. and {Tokita}, K. and
                 {Wagner}, M. and {Wang}, L. and {Yasuda}, N. and {Yee},
                 H.~K.~C. and {Supernova Cosmology Project}, The},
        title = "{The Hubble Space Telescope Cluster Supernova Survey. V.
                 Improving the Dark-energy Constraints above z > 1 and Building
                 an Early-type-hosted Supernova Sample}",
      journal = {\apj},
     keywords = {cosmological parameters, distance scale, supernovae: general,
                 Astrophysics - Cosmology and Extragalactic Astrophysics},
         year = 2012,
        month = feb,
       volume = {746},
       number = {1},
          eid = {85},
        pages = {85},
          doi = {10.1088/0004-637X/746/1/85},
archivePrefix = {arXiv},
       eprint = {1105.3470},
 primaryClass = {astro-ph.CO},
       adsurl = {https://ui.adsabs.harvard.edu/abs/2012ApJ...746...85S},
      adsnote = {Provided by the SAO/NASA Astrophysics Data System}
}

@incollection{syed2015,
        title = {9 - Essential statistics for data analysis},
       editor = {Syed Naeem Ahmed},
    booktitle = {Physics and Engineering of Radiation Detection (Second Edition)},
    publisher = {Elsevier},
      edition = {Second Edition},
        pages = {541-593},
         year = {2015},
         isbn = {978-0-12-801363-2},
          doi = {https://doi.org/10.1016/B978-0-12-801363-2.00009-7},
          url =
          {https://www.sciencedirect.com/science/article/pii/B9780128013632000097},
       author = {Syed Naeem Ahmed},
     keywords = {measures of dispersion, mean, median, mode, probability,
                 probability density, probability distribution, Gaussian
                 distribution, normal distribution, likelihood method, binomial
                 distribution, Poisson distribution, Fourier transform,
                 student’s t test, measurement errors, measurement uncertainty,
                 error propagation, measurement precision}
}

% T
@ARTICLE{tasca2015,
       author = {{Tasca}, L.~A.~M. and {Le F{\`e}vre}, O. and {Hathi}, N.~P. and
                 {Schaerer}, D. and {Ilbert}, O. and {Zamorani}, G. and
                 {Lemaux}, B.~C. and {Cassata}, P. and {Garilli}, B. and {Le
                 Brun}, V. and {Maccagni}, D. and {Pentericci}, L. and {Thomas},
R. and {Vanzella}, E. and {Zucca}, E. and {Amorin}, R. and {Bardelli}, S. and
{Cassar{\`a}}, L.~P. and {Castellano}, M. and {Cimatti}, A. and {Cucciati}, O.
and {Durkalec}, A. and {Fontana}, A. and {Giavalisco}, M. and {Grazian}, A. and
{Paltani}, S. and {Ribeiro}, B. and {Scodeggio}, M. and {Sommariva}, V. and
{Talia}, M. and {Tresse}, L. and {Vergani}, D. and {Capak}, P. and {Charlot}, S.
and {Contini}, T. and {de la Torre}, S. and {Dunlop}, J. and {Fotopoulou}, S.
and {Koekemoer}, A. and {L{\'o}pez-Sanjuan}, C. and {Mellier}, Y. and {Pforr},
J. and {Salvato}, M. and {Scoville}, N. and {Taniguchi}, Y. and {Wang}, P.~W.},
        title = "{The evolving star formation rate: M$_{{\ensuremath{\star}}}$
                 relation and sSFR since z ≃ 5 from the VUDS spectroscopic
                 survey}",
      journal = {\aap},
     keywords = {galaxies: evolution, galaxies: star formation, galaxies:
                 formation, galaxies: high-redshift, Astrophysics - Astrophysics
                 of Galaxies, Astrophysics - Cosmology and Nongalactic
                 Astrophysics},
         year = 2015,
        month = sep,
       volume = {581},
          eid = {A54},
        pages = {A54},
          doi = {10.1051/0004-6361/201425379},
archivePrefix = {arXiv},
       eprint = {1411.5687},
 primaryClass = {astro-ph.GA},
       adsurl = {https://ui.adsabs.harvard.edu/abs/2015A&A...581A..54T},
      adsnote = {Provided by the SAO/NASA Astrophysics Data System}
}

@INPROCEEDINGS{tonry2006,
       author = {{Tonry}, J. and {Onaka}, P. and {Luppino}, G. and {Isani}, S.},
        title = "{The Pan-STARRS Gigapixel Camera}",
    booktitle = {The Advanced Maui Optical and Space Surveillance Technologies Conference},
         year = 2006,
        month = jan,
          eid = {E47},
        pages = {E47},
       adsurl = {https://ui.adsabs.harvard.edu/abs/2006amos.confE..47T},
      adsnote = {Provided by the SAO/NASA Astrophysics Data System}
}

% U 

% V

% W
@ARTICLE{wiseman2020,
       author = {{Wiseman}, P. and {Smith}, M. and {Childress}, M. and {Kelsey},
                 L. and {M{\"o}ller}, A. and {Gupta}, R.~R. and {Swann}, E. and
                 {Angus}, C.~R. and {Brout}, D. and {Davis}, T.~M. and {Foley},
                 R.~J. and {Frohmaier}, C. and {Galbany}, L. and
                 {Guti{\'e}rrez}, C.~P. and {Inserra}, C. and {Kessler}, R. and
                 {Lewis}, G.~F. and {Lidman}, C. and {Macaulay}, E. and
                 {Nichol}, R.~C. and {Pursiainen}, M. and {Sako}, M. and
                 {Scolnic}, D. and {Sommer}, N.~E. and {Sullivan}, M. and
                 {Tucker}, B.~E. and {Abbott}, T.~M.~C. and {Aguena}, M. and
                 {Allam}, S. and {Avila}, S. and {Bertin}, E. and {Brooks}, D.
                 and {Buckley-Geer}, E. and {Burke}, D.~L. and {Carnero Rosell},
                 A. and {Carollo}, D. and {Carrasco Kind}, M. and {da Costa},
                 L.~N. and {De Vicente}, J. and {Desai}, S. and {Diehl}, H.~T.
                 and {Doel}, P. and {Eifler}, T.~F. and {Everett}, S. and
                 {Fosalba}, P. and {Frieman}, J. and {Garc{\'\i}a-Bellido}, J.
                 and {Gaztanaga}, E. and {Gerdes}, D.~W. and {Gill}, M.~S.~S.
                 and {Glazebrook}, K. and {Gruendl}, R.~A. and {Gschwend}, J.
                 and {Hartley}, W.~G. and {Hinton}, S.~R. and {Hollowood}, D.~L.
                 and {Honscheid}, K. and {James}, D.~J. and {Kuehn}, K. and
                 {Kuropatkin}, N. and {Lima}, M. and {Maia}, M.~A.~G. and
                 {March}, M. and {Martini}, P. and {Melchior}, P. and
                 {Menanteau}, F. and {Miquel}, R. and {Ogando}, R.~L.~C. and
                 {Paz-Chinch{\'o}n}, F. and {Plazas}, A.~A. and {Romer}, A.~K.
                 and {Roodman}, A. and {Sanchez}, E. and {Scarpine}, V. and
                 {Serrano}, S. and {Suchyta}, E. and {Swanson}, M.~E.~C. and
                 {Tarle}, G. and {Thomas}, D. and {Tucker}, D.~L. and {Varga},
                 T.~N. and {Walker}, A.~R. and {Wilkinson}, R.~D. and {(DES
                 Collaboration)}},
        title = "{Supernova host galaxies in the dark energy survey: I. Deep
                 coadds, photometry, and stellar masses}",
      journal = {\mnras},
     keywords = {techniques: image processing, catalogues, supernovae: general,
                 Astrophysics - Astrophysics of Galaxies},
         year = 2020,
        month = jul,
       volume = {495},
       number = {4},
        pages = {4040-4060},
          doi = {10.1093/mnras/staa1302},
archivePrefix = {arXiv},
       eprint = {2001.02640},
 primaryClass = {astro-ph.GA},
       adsurl = {https://ui.adsabs.harvard.edu/abs/2020MNRAS.495.4040W},
      adsnote = {Provided by the SAO/NASA Astrophysics Data System}
}

@ARTICLE{wong2020,
       author = {{Wong}, Kenneth C. and {Suyu}, Sherry H. and {Chen}, Geoff C.
                 -F. and {Rusu}, Cristian E. and {Millon}, Martin and {Sluse},
                 Dominique and {Bonvin}, Vivien and {Fassnacht}, Christopher D.
                 and {Taubenberger}, Stefan and {Auger}, Matthew W. and
                 {Birrer}, Simon and {Chan}, James H.~H. and {Courbin}, Frederic
                 and {Hilbert}, Stefan and {Tihhonova}, Olga and {Treu}, Tommaso
                 and {Agnello}, Adriano and {Ding}, Xuheng and {Jee}, Inh and
                 {Komatsu}, Eiichiro and {Shajib}, Anowar J. and {Sonnenfeld},
                 Alessandro and {Blandford}, Roger D. and {Koopmans}, L{\'e}on
                 V.~E. and {Marshall}, Philip J. and {Meylan}, Georges},
        title = "{H0LiCOW - XIII. A 2.4 per cent measurement of H$_{0}$ from
                 lensed quasars: 5.3{\ensuremath{\sigma}} tension between early-
                 and late-Universe probes}",
      journal = {\mnras},
     keywords = {gravitational lensing: strong, cosmological parameters,
                 distance scale, cosmology: observations, Astrophysics -
                 Cosmology and Nongalactic Astrophysics, Astrophysics -
                 Astrophysics of Galaxies},
         year = 2020,
        month = oct,
       volume = {498},
       number = {1},
        pages = {1420-1439},
          doi = {10.1093/mnras/stz3094},
archivePrefix = {arXiv},
       eprint = {1907.04869},
 primaryClass = {astro-ph.CO},
       adsurl = {https://ui.adsabs.harvard.edu/abs/2020MNRAS.498.1420W},
      adsnote = {Provided by the SAO/NASA Astrophysics Data System}
}

% X

% Y

% Z

